2184 3126
326 217 388 248 648
567 211 664 239 ACTA
683 210 795 237 REGNI
814 207 996 236 LUDEWICI
1016 206 1062 233 IV.
1081 206 1127 232 ΕΤ
1146 204 1331 232 FRIDERICI
1349 205 1399 231 ΙΙΙ.
1436 203 1511 232 1324.
1548 204 1596 231 Nr.
1609 203 1668 231 825.
1687 203 1746 231 826.

361 361 606 408 825—831.
652 357 940 406 SCRIPTA
966 355 1060 400 AD
1087 352 1591 399 MATRIMONIUM
1618 351 1948 400 LUDEWICI

808 422 1013 470 REGIS
1050 420 1480 468 SPECTANTIA.

903 500 1011 536 1324.
1048 499 1126 534 Ian.
1148 498 1239 534 2.—
1253 497 1361 533 Febr.
1384 497 1444 533 26.

433 603 568 635 Pactum
590 612 684 641 super
706 600 907 632 matrimonio
929 609 960 630 a.
978 599 1072 629 1323.
1095 598 1177 637 Auq.
1196 597 1247 628 15.
1271 596 1370 628 ictum
1391 606 1419 628 v.
1442 606 1544 636 supra
1565 606 1617 629 nr.
1633 597 1706 630 779.

582 706 668 742 825.
710 705 864 740 Litterae
891 704 983 749 reyis
1009 714 1116 748 super
1143 703 1220 738 dote
1247 702 1468 747 assiynanda.
1573 702 1654 739 Ian.
1674 705 1712 738 2.
2005 713 2018 733 ⁵

434 780 531 820 Copia
554 779 609 821 (c.)
633 779 669 811 in
687 778 870 810 Cartalario
891 777 1100 819 Haymmensi
1115 776 1186 808 III.
1209 786 1260 808 nr.
1277 776 1340 807 135
1364 775 1520 808 tabularii
1542 776 1732 811 Insulensis.
1775 777 1975 810 Contulimus

322 843 388 865 nos.
432 832 494 864 Est
515 832 666 863 rubrum:
699 830 783 862 Item
810 840 873 861 une
901 832 992 861 autre
1019 829 1115 861 lettre
1143 827 1207 860 dou
1231 827 1278 859 dit
1305 838 1372 869 roy.
1436 828 1505 868 Quo
1533 828 1666 860 redeunt
1693 839 1798 861 omnes
1823 829 1975 862 editiones

323 885 583 921 documentorum,
606 893 687 923 quae
708 882 746 914 de
767 882 818 913 his
839 881 931 913 rebus
947 880 1165 920 proponimus,
1184 881 1313 919 praeter
1333 890 1384 911 nr.
1400 880 1475 912 831.

430 943 576 981 Biihmer,
599 942 674 982 Rey.
691 942 802 974 Isudw.
820 952 856 981 p.
875 941 916 972 39
938 951 987 973 nr.
1006 942 1078 972 666.
1124 939 1277 980 Reqesten
1299 939 1355 971 der
1378 938 1591 982 Pf'alzyrafen
1611 950 1662 973 nr.
1678 940 1774 972 2005.

431 1021 498 1052 Nos
514 1020 696 1052 Ludovicus
711 1020 774 1051 Dei
789 1019 893 1060 gratia
909 1021 942 1050 et
965 1021 1025 1049 cet.
1049 1020 1160 1049 notum
1183 1017 1318 1048 facimus
1337 1018 1535 1058 presentium
1557 1018 1793 1059 inspectoribus
1807 1019 1974 1061 universis,
1994 1032 2020 1052 ιο

323 1072 409 1114 quod
431 1082 489 1103 nos
512 1071 552 1103 de
576 1082 730 1103 consensu
754 1073 787 1101 et
809 1070 894 1101 bona
920 1069 1083 1100 voluntate
1111 1068 1243 1100 illustris
1266 1068 1376 1099 Adolfi
1404 1069 1531 1100 comitis
1560 1069 1696 1111 palatini
1717 1069 1802 1102 Reni
1829 1073 1863 1102 et
1885 1070 1976 1103 ducis

322 1124 468 1155 Bawarie
498 1134 556 1164 pro
585 1133 619 1154 se
648 1133 686 1154 ac
715 1121 857 1153 Rudulfo
888 1124 921 1152 et
948 1120 1093 1162 Ruperto
1122 1120 1292 1151 comitibus
1318 1119 1470 1161 palatinis
1496 1119 1581 1152 Reni
1609 1123 1643 1152 et
1669 1120 1804 1153 ducibus
1826 1121 1975 1155 Bawarie

323 1176 386 1206 suis
408 1174 557 1206 fratribus
580 1174 769 1205 auctoritate
792 1175 900 1204 nostra
924 1175 1076 1213 tanquam
1104 1173 1260 1204 curatoris
1289 1172 1518 1203 consentientis
1542 1171 1670 1214 damus,
1697 1173 1919 1205 constituimus
1942 1176 1977 1206 et

323 1227 519 1268 assignamus
541 1226 572 1256 in
596 1225 704 1257 dotem
727 1236 784 1257 seu
807 1224 1013 1256 donationem
1041 1226 1174 1265 propter
1203 1224 1332 1265 nuptias
1360 1223 1530 1255 karissime
1558 1233 1676 1264 sponse
1697 1227 1805 1256 nostre
1828 1225 1975 1267 preclare

322 1277 537 1319 Margharete,
562 1276 746 1318 spectabilis
762 1276 820 1307 viri
837 1275 1001 1307 Guillelmi
1017 1275 1177 1315 Hanonie,
1194 1274 1370 1306 Hollandie
1389 1273 1446 1318 [et]
1464 1274 1641 1307 Zeelandie
1658 1276 1784 1308 comitis
1800 1286 1838 1308 ac
1853 1276 1976 1308 domini
1993 1287 2019 1308 ιο

322 1329 424 1360 Frizie
446 1329 511 1360 filie
534 1328 678 1360 redditus
700 1338 822 1359 annuos
846 1331 879 1359 et
901 1330 1075 1369 perpetuos
1098 1326 1170 1358 XIM
1192 1326 1375 1369 libr(arum)
1391 1326 1626 1368 Hallen(sium)
1649 1327 1682 1358 in
1705 1328 1817 1360 castris
1839 1329 1976 1360 nostris*

321 1381 353 1411 in
382 1379 486 1420 Guba,
510 1379 756 1421 Furstemberg,
784 1378 986 1420 Rikensteyn
1009 1382 1042 1411 et
1063 1379 1288 1411 Lindenvensb
1318 1389 1390 1410 cum
1421 1379 1486 1410 suis
1515 1378 1700 1411 castellanis
1729 1383 1763 1412 et
1791 1379 1976 1412 hominibus

322 1442 444 1463 necnon
467 1435 500 1463 et
522 1442 632 1463 eorum
655 1431 856 1473 pertinentiis
880 1434 913 1462 et
936 1430 1091 1462 fructibus
1119 1431 1274 1462 universis
1301 1431 1380 1471 vini,
1408 1430 1511 1471 bladi,
1539 1430 1745 1463 denariorum
1772 1434 1806 1463 et
1832 1431 1976 1464 thelonei

323 1482 380 1514 sub
404 1483 489 1514 dicto
513 1486 617 1514 castro
641 1482 731 1514 Cuba
755 1485 787 1514 et
809 1482 867 1513 sub
897 1482 967 1514 aliis
998 1482 1150 1524 predictis
1177 1483 1290 1514 castris
1317 1492 1355 1514 ac
1382 1482 1602 1515 iurisdictione
1632 1485 1666 1514 et
1692 1484 1809 1515 ceteris
1831 1484 1976 1525 ipsorum

323 1537 496 1566 castrorum
520 1534 697 1566 redditibus
721 1534 960 1576 quibuscunque
984 1534 1151 1575 tenendos,
1174 1533 1386 1576 possidendos
1402 1544 1439 1566 ac
1462 1533 1666 1575 recipiendos
1689 1545 1762 1566 cum
1785 1536 1873 1566 omni
1887 1535 1975 1567 utili·
1993 1545 2021 1566 so

322 1588 387 1617 tate
411 1589 443 1617 et
465 1596 524 1617 usu
546 1586 687 1627 ipsorum
708 1585 750 1617 ad
767 1586 874 1617 omnia
889 1589 1037 1628 tempora
1052 1586 1117 1618 vite
1138 1596 1204 1618 sue.
1243 1585 1286 1617 Et
1305 1586 1331 1617 si
1348 1585 1426 1628 quid
1442 1585 1482 1617 de
1498 1595 1624 1617 summa
1639 1587 1890 1628 prescriptamm
1904 1586 1978 1620 ΧΙΜ

321 1637 498 1677 lib(rarum)
515 1637 744 1679 Hallen(sium)
768 1637 922 1669 deficeret
944 1639 976 1669 in
999 1637 1177 1669 redditibus
1195 1638 1415 1679 predictorum
1431 1639 1620 1679 castrorum,
1643 1637 1796 1680 supplere
1819 1638 1977 1671 debemus

322 1689 354 1720 in
382 1689 452 1720 aliis
479 1690 593 1720 nostris
621 1689 867 1730 proximioribus
896 1690 1008 1721 castris
1037 1690 1191 1731 predictis
1220 1688 1433 1730 redditibusc,
1456 1689 1559 1731 Alzey
1582 1699 1655 1721 cum
1684 1690 1750 1721 suis
1774 1690 1977 1732 pertinentiis

323 1744 473 1781 excepto,
500 1751 600 1782 usque
624 1740 710 1782 quod
732 1740 878 1782 predicta
900 1752 1024 1773 somma
1047 1741 1189 1773 totaliter
1211 1741 1252 1772 sit
1275 1741 1446 1783 completa.
1491 1740 1601 1773 Debet
1623 1744 1732 1773 autem
1756 1741 1919 1774 estimatio
1943 1745 1978 1774 et

323 1791 444 1822 taxatio
460 1791 641 1823 reddituum
657 1791 874 1833 predictorum
894 1792 936 1824 ad
951 1793 1084 1824 modum
1107 1796 1140 1825 et
1155 1796 1267 1825 taxum
1282 1792 1362 1834 fieri,
1386 1793 1468 1824 sicut
1486 1793 1578 1824 iuxta
1593 1792 1767 1824 usitatam‘¹
1782 1793 2020 1826 solutionem-'³⁶

324 1853 365 1874 cx
386 1843 515 1884 antiquo
538 1844 599 1884 ipsi
622 1843 765 1874 redditus
780 1844 880 1885 recipi
896 1847 1140 1876 consueverunt.
1222 1844 1260 1876 In
1283 1845 1373 1876 cuius
1395 1845 1443 1876 rei
1466 1844 1686 1876 testimonium
1708 1847 1876 1886 presentes
1899 1855 1976 1877 con-

324 1894 418 1925 scribi
441 1897 474 1925 et
496 1895 671 1926 maiestatis
693 1898 800 1927 nostre
824 1895 929 1937 sigillo
952 1896 1101 1927 iussimus
1124 1896 1323 1928 communiri.

430 1949 503 1980 Dat.
527 1950 558 1980 in
581 1950 827 1992 Franchenfurt,
851 1951 930 1983 IIII.
952 1952 1035 1983 Non.
1055 1952 1194 1994 Ianuar„
1225 1962 1308 1984 anno
1331 1951 1463 1984 Domini
1485 1951 1754 1993 MCCOXXIIH,
1783 1953 1876 1994 regni
1898 1962 1975 1985 vero

324 2001 421 2032 nostri
444 2011 525 2032 anno
548 2002 589 2033 X.

516 2117 601 2152 826.
642 2116 816 2163 Scriptum
843 2118 1001 2154 comitam
1027 2117 1271 2154 Palatinorum
1297 2129 1402 2164 super
1428 2118 1552 2154 eodem.
1655 2118 1739 2164 Iam
1755 2120 1793 2153 2.
1993 2131 2020 2151 ω

436 2190 532 2230 Copia
555 2192 606 2230 (c.)
630 2191 744 2222 ibidem
765 2201 816 2223 nr.
833 2193 906 2224 138.
949 2191 1146 2224 Contulimus
1167 2202 1233 2224 nos.
1272 2191 1334 2223 Est
1356 2192 1507 2224 rubrum:
1533 2191 1618 2224 Item
1641 2202 1705 2224 une
1728 2192 1824 2224 lettre
1848 2203 1923 2224 sour
1945 2193 1976 2225 le

330 2241 376 2272 dit
397 2242 516 2273 traitiet
538 2242 595 2273 des
618 2242 676 2274 dus
699 2243 739 2274 de
762 2244 919 2276 Bawiere.

434 2300 583 2342 Reyesten
606 2302 660 2333 der
682 2302 892 2344 Pfalzyrafen
914 2314 966 2336 nr.
981 2303 1076 2335 2006.

435 2377 502 2409 Nos
523 2378 673 2420 Adolfus,
703 2379 861 2411 Rudolfus
893 2384 925 2413 et
953 2380 1118 2423 Rupertus
1144 2380 1208 2412 Dei
1241 2381 1346 2423 gratia
1380 2381 1514 2413 comites
1541 2381 1676 2423 palatini
1705 2381 1790 2414 Reni
1817 2385 1850 2414 et
1878 2382 1978 2415 duces

329 2429 474 2460 Bawarie
497 2433 606 2461 notum
628 2431 760 2462 facimus
775 2433 972 2473 presentium
988 2433 1224 2475 inspectoribus
1239 2433 1405 2474 universis,
1429 2433 1516 2475 quod
1531 2443 1590 2464 nos
1605 2443 1669 2465 una
1684 2443 1756 2465 cum
1772 2434 1976 2466 serenissimo
1995 2444 2023 2465 ss

331 2479 458 2511 domino
481 2480 643 2512 Ludovico
658 2481 875 2515 Romanorum
897 2495 975 2526 rege
997 2487 1112 2526 patruo
1137 2487 1171 2516 et
1192 2484 1373 2516 coheredess
1395 2487 1503 2516 nostro
1526 2484 1708 2526 karissimo,
1731 2485 1831 2517 nostri
1847 2485 1979 2518 Rudolfi

331 2533 363 2563 et
385 2531 520 2572 Ruperti
544 2532 756 2572 predictorum
786 2539 946 2576 curatore,
979 2536 1018 2568 de
1050 2536 1150 2568 verbo
1180 2539 1213 2569 et
1242 2537 1436 2568 auctoritate
1467 2537 1567 2578 ipsius
1599 2536 1728 2577 damus,
1758 2537 1980 2569 constituimus

332 2585 364 2614 et
385 2583 582 2623 assignamus
604 2584 635 2614 in
659 2584 766 2616 dotem
783 2596 839 2618 seu
864 2587 1069 2620 donationem
1093 2591 1226 2630 propter
1247 2589 1376 2630 nuptias
1398 2588 1545 2630 preclare
1561 2588 1768 2630 Margharete
1791 2588 1980 2630 spectabilis

331 2633 389 2664 viri
420 2633 577 2664 willelmi
604 2634 766 2675 Hanonie,
797 2636 969 2670 Hollandie
998 2642 1031 2670 et
1061 2639 1237 2671 Zeelandie
1269 2640 1395 2671 comitis
1426 2649 1464 2671 ac
1498 2639 1619 2671 domini
1650 2639 1754 2672 Frizie
1786 2640 1864 2680 filie,
1900 2640 1979 2672 dicti

332 2759 358 2792 d)
435 2717 500 2744 825.
511 2718 550 2779 2¹³)
569 2721 679 2752 sequitur
691 2722 721 2747 de
734 2723 806 2748 delet.
819 2732 839 2749 c.
926 2723 952 2756 b)
969 2726 1004 2750 sic
1022 2734 1043 2751 c.
1132 2725 1154 2757 c)
1173 2726 1242 2752 redd.
1256 2730 1332 2752 castr.
1346 2727 1416 2759 pred.
1435 2726 1489 2752 sine
1506 2727 1579 2760 eiquo
1593 2727 1781 2760 transponendi
1798 2732 1826 2753 ut
1844 2727 1944 2753 videmi-
1956 2735 1978 2752 ο.
1995 2736 2024 2756 ω

376 2762 503 2787 visitatam
514 2781 519 2786 .
541 2771 561 2787 c.

435 2815 501 2843 826.
529 2817 553 2849 a)
572 2817 664 2843 coluere
682 2827 702 2844 c.
