2184 3126
314 215 376 246 592
517 211 613 239 ACTA
632 210 745 238 REGNI
763 209 946 237 LUDEWICI
964 209 1011 236 IV.
1030 208 1076 235 ET
1094 207 1279 235 FRIDERICI
1297 207 1347 235 111.
1384 207 1459 235 1323.
1495 206 1544 233 Nr.
1558 206 1616 234 756.
1635 207 1694 234 757.
1712 205 1771 234 758.

314 299 464 341 speciale.
552 299 590 330 In
621 298 710 329 cuius
738 298 785 329 rei
812 296 1029 328 testimonium
1058 297 1226 336 presentes
1254 293 1346 325 vobis
1375 293 1523 325 dedimus
1550 293 1651 325 nostri
1673 293 1770 335 sigilli
1792 293 1967 326 munimine

314 350 489 382 roboratas.

422 401 496 433 Dat.
520 401 710 441 Mediolani,
739 410 823 431 anno
845 398 975 430 Domini
1002 396 1173 428 millesimo
1197 396 1425 428 trecentesimo
1448 395 1602 428 vicesimo
1629 396 1745 438 tercio,
1774 397 1884 438 quinto
1914 396 1967 428 die

314 454 434 485 mensis
458 451 617 492 Octobris,
641 451 777 493 septime
799 449 995 481 indiccionis.

615 663 688 698 757.
723 659 995 699 LUDEWICI
1019 658 1286 697 REOEPTIO
1310 659 1371 697 IN
1395 659 1665 697 FAVOREM.

1010 728 1118 764 1323.
1160 727 1228 763 Iul.
1249 727 1284 763 6.

424 829 586 870 Oriyinale
609 828 683 871 (or.)
714 829 751 860 in
777 827 937 860 tabulario
964 827 1048 867 reyio
1070 827 1330 867 Stuttyardiensi.
1388 827 1587 860 Contubimus
1615 838 1681 861 nos.
1731 828 1878 869 Siyillum
1903 829 1970 868 fere

313 881 458 913 illaesum
476 881 591 921 pendet
613 881 677 913 Zoro
699 880 941 912 membranaceo.
970 898 1012 903 —
1041 879 1104 910 Ed.
1125 878 1266 911 Biihmer
1288 878 1383 910 ‘Acta
1406 879 1535 919 imperii
1556 879 1683 911 selecta'
1702 890 1736 919 p.
1751 881 1817 911 493
1838 890 1888 913 nr.
1905 881 1970 913 718

313 944 352 965 ex
375 944 420 966 or.

421 988 568 1027 Bbhmer,
590 988 666 1029 Rey.
684 987 796 1019 Dudw.
820 997 854 1026 p.
870 987 912 1017 35
933 997 983 1018 nr.
1001 987 1073 1018 587.

426 1049 475 1088 Cf.
493 1047 694 1089 privileyium
717 1047 737 1079 Z.
754 1058 778 1079 c.
802 1057 852 1079 nr.
870 1047 942 1084 586,
965 1047 1098 1086 itemque
1119 1056 1221 1086 supra
1242 1056 1292 1078 nr.
1310 1048 1383 1078 747.

423 1135 494 1166 Wir
522 1135 699 1166 Ludowich
728 1145 790 1165 von
817 1133 918 1166 Gotes
946 1133 1072 1175 gnaden
1100 1132 1293 1164 Romischer
1319 1132 1438 1175 chunig
1464 1143 1501 1164 ze
1531 1132 1619 1165 allen
1644 1134 1751 1166 zeiten
1776 1144 1883 1166 merei·
1913 1134 1970 1168 des

315 1188 419 1219 riches
442 1187 596 1227 verjehen
619 1186 769 1218 offenlich
797 1196 837 1217 an
862 1185 965 1217 disem
989 1185 1086 1226 brief,
1115 1183 1174 1216 daz
1205 1185 1262 1216 wir
1293 1184 1356 1216 den
1383 1184 1579 1217 bescheiden
1602 1184 1720 1218 laeuten
1743 1185 1807 1218 den
1829 1195 1971 1228 purgem

314 1249 350 1270 ze
366 1238 558 1280 Ezzelingen
581 1247 677 1269 unser
699 1237 798 1269 hulde
820 1237 887 1268 und
909 1236 1016 1279 gnade
1032 1235 1201 1288 gaentzlich
1224 1236 1329 1279 geben
1353 1235 1460 1268 haben
1482 1236 1548 1268 und
1570 1237 1655 1268 auch
1671 1236 1788 1279 geben,
1812 1237 1872 1270 dar
1892 1238 1970 1270 umb

315 1290 374 1321 daz
397 1291 423 1321 si
446 1290 495 1321 bis
518 1289 577 1321 her
599 1290 657 1321 mit
681 1289 755 1320 dem
779 1289 955 1330 hertzogen
977 1299 1040 1320 von
1064 1276 1228 1321 Osterrich
1252 1287 1354 1320 wider
1375 1298 1435 1319 uns
1457 1298 1610 1330 gewesen
1633 1289 1696 1320 sint
1717 1289 1784 1321 und
1806 1289 1884 1321 umb
1906 1289 1971 1323 alle

314 1341 420 1373 sache.
508 1340 583 1372 Und
611 1341 669 1372 dar
695 1340 775 1372 fiber
802 1351 841 1372 zu
871 1341 976 1372 einem
1007 1339 1174 1371 urchflnde
1196 1339 1302 1381 geben
1325 1339 1383 1371 wir
1411 1339 1444 1370 iu
1471 1338 1562 1371 disen
1585 1339 1672 1372 brief
1689 1341 1749 1372 mit
1770 1351 1901 1373 unserm
1921 1342 1970 1374 in-

314 1393 395 1434 sigel
417 1392 620 1434 versigelten.

422 1444 489 1475 Der
511 1443 617 1486 geben
646 1444 687 1475 ist
715 1454 751 1475 ze
774 1443 983 1486 Nfirenberg,
1011 1453 1052 1475 an
1075 1443 1133 1475 der
1155 1442 1310 1474 Mitichen
1333 1443 1415 1474 nach
1438 1442 1588 1475 Processi
1610 1443 1675 1475 und
1698 1443 1898 1486 Martiniani,
1928 1444 1970 1477 do

314 1506 388 1527 man
410 1496 473 1526 zalt
495 1506 558 1527 von
575 1494 675 1526 Orists
697 1494 815 1537 gebfirt
838 1493 1162 1527 dreuzehenhfindert
1181 1495 1234 1536 jar
1257 1494 1316 1526 dar
1337 1495 1420 1527 nach
1442 1495 1476 1526 in
1499 1495 1574 1527 dem
1595 1495 1971 1538 dreiundzwaintzigsten

311 1548 373 1588 jar,
396 1548 427 1578 in
452 1547 524 1579 dem
548 1547 696 1579 neunden
716 1548 788 1588 jare
812 1558 924 1579 unsers
946 1547 1061 1579 riches.

379 1765 452 1801 758.
488 1763 798 1803 CONVENTIO
821 1763 977 1801 REGIS
1000 1763 1269 1801 DANORUM
1293 1762 1407 1801 CUM
1428 1762 1717 1801 LUDEWICO
1742 1763 1914 1802 SUPER

736 1820 1092 1858 MATRIMONIO
1116 1818 1546 1858 CONTRAHENDO.

1000 1889 1109 1926 1323.
1146 1889 1214 1925 Iul.
1240 1889 1297 1925 13.

428 1988 588 2029 Oriyimcle
611 1988 684 2031 (or.)
711 1989 747 2020 in
773 1989 932 2021 tabulario
954 1991 1070 2021 secreto
1096 1989 1207 2021 domus
1228 1989 1333 2030 reqiae
1355 1988 1557 2022 Bawaricae.
1601 1989 1724 2021 Pendet
1744 1989 1885 2031 sigillum
1905 1991 1972 2030 fere

316 2040 462 2072 illaesum
485 2040 549 2072 loro
572 2041 814 2073 membranaceo.
842 2059 883 2064 -
910 2041 984 2073 lam
1007 2041 1166 2073 edidimus
1188 2040 1304 2073 ‘Neues
1325 2040 1462 2072 Archiv’
1483 2041 1622 2080 XXIII,
1644 2041 1708 2073 325
1730 2052 1780 2074 nr.
1796 2044 1842 2074 47
1862 2052 1902 2074 esc
1924 2053 1970 2075 or.

423 2101 569 2139 Bc'jhmer,
591 2101 668 2141 Ray.
691 2100 801 2132 Ludw.
820 2111 854 2141 p.
871 2101 935 2132 415
959 2100 1191 2133 Reiehssaehen
1212 2111 1262 2134 nr.
1278 2101 1343 2133 416
1366 2101 1493 2142 (Addit.
1509 2101 1574 2134 III
1567 2102 1596 2143 ).

429 2161 476 2199 Cf.
500 2161 592 2203 infra
613 2161 657 2192 ad
678 2171 708 2192 α.
726 2161 819 2193 1324.
845 2161 947 2193 Mart.
965 2161 995 2194 5.

428 2246 583 2278 Omnibus
610 2258 741 2288 presens
770 2248 923 2289 scriptum
955 2247 1160 2279 cernentibus
1248 2247 1442 2280 Oristoforus
1465 2247 1528 2279 Dei
1560 2247 1665 2290 gratia
1691 2247 1858 2280 Danorum
1881 2247 1972 2280 Scla-

319 2308 494 2339 vorumque
518 2309 585 2338 rex,
609 2298 674 2330 dux
697 2298 829 2330 Estonie
917 2299 1054 2331 salutem
1077 2300 1110 2331 in
1131 2298 1272 2331 Domino
1295 2300 1536 2341 sempiternam.

431 2357 457 2384 1.
480 2353 600 2385 Notum
623 2355 757 2386 facimus
779 2356 934 2387 universis
957 2355 1160 2397 presentibus
1184 2358 1217 2387 et
1238 2355 1370 2396 futuris,
1400 2355 1486 2397 quod
1513 2356 1597 2388 inter
1624 2355 1863 2388 serenissimum
1885 2356 1972 2398 prin-

321 2405 425 2446 cipem
449 2404 612 2436 dominum
634 2406 842 2438 Lodowicum
865 2417 977 2448 regem
1000 2407 1221 2439 Romanorum
1248 2417 1377 2449 semper
1399 2410 1572 2449 augustum
1595 2417 1654 2449 per
1676 2407 1802 2439 nobiles
1826 2407 1973 2439 dominos

321 2455 528 2487 Frederieum
557 2457 762 2498 burgravium
794 2458 835 2490 de
858 2458 1094 2500 Norenbyergh
1125 2462 1158 2490 et
1185 2458 1409 2490 Borehardum
1437 2459 1589 2491 comitem
1617 2459 1658 2491 de
1681 2458 1900 2490 Mandzsweld
1930 2469 1973 2491 ex

321 2517 384 2537 una
414 2510 505 2547 parte
535 2510 568 2538 et
590 2519 662 2547 nos,
691 2509 791 2540 filium
821 2513 964 2541 nostrum
996 2510 1160 2541 dominum
1183 2509 1313 2541 Ericum
1343 2519 1385 2541 ex
1414 2510 1518 2542 altera
1541 2521 1639 2552 super
1660 2510 1865 2542 matrimonio
1888 2510 1973 2542 inter

322 2558 524 2599 magnificum
547 2560 724 2600 principem
748 2560 910 2592 dominum
934 2561 1143 2593 Lodowicum
1166 2561 1386 2593 marchionem
1401 2561 1728 2604 Brandeburgensem
1752 2562 1829 2594 dicti
1852 2561 1974 2594 domini

321 2609 486 2641 Lodowioi
515 2611 599 2651 regis
631 2610 848 2643 Romanorum
876 2614 1127 2654 primogenitum
1159 2616 1192 2645 et
1220 2612 1427 2645 domicellam
1453 2613 1673 2655 Margaretam
1702 2613 1802 2646 filiam
1828 2616 1972 2645 nostram

322 2661 524 2692 karissimam
547 2661 703 2703 legittime
727 2664 944 2696 contrahendo
967 2666 1000 2696 in
1022 2665 1153 2696 modum
1177 2665 1232 2707 qui
1255 2665 1399 2707 sequitur
1422 2667 1529 2696 exstat
1550 2665 1753 2706 placitatum:

431 2718 459 2747 2.
483 2717 644 2749 Videlicet
674 2721 709 2749 ut
731 2719 813 2750 inter
836 2720 997 2760 predictos
1019 2721 1180 2763 principes
1204 2721 1350 2753 dominos
1372 2721 1581 2753 Lodowieum
1604 2731 1718 2763 regem
1739 2720 1972 2761 Romanorum,

322 2767 529 2799 Lodowicum
552 2769 769 2812 marchionem
791 2771 1117 2814 Brandeburgensem
1140 2772 1241 2804 filium
1264 2783 1356 2804 suum
1380 2775 1413 2804 et
1435 2773 1578 2814 ipsorum
1601 2772 1721 2804 liberos
1748 2783 1787 2804 ac
1809 2773 1893 2804 iuter
1914 2783 1973 2804 nos

323 2823 355 2850 et
378 2818 496 2850 liberos
519 2823 644 2851 nostros
667 2822 837 2854 eoncordia
864 2823 970 2864 firma,
998 2825 1145 2856 amicicia
1173 2827 1243 2855 rata
1271 2827 1305 2857 et
1331 2823 1525 2856 inviolabilis
1553 2824 1724 2857 roboratur
1751 2827 1784 2856 et
1813 2823 1975 2855 stabilitur

1986 1000 2014 1021 10

1989 1301 2014 1322 η

1990 2624 2018 2644 86
