2184 3126
295 188 358 218 516
570 183 667 211 ACTA
687 182 800 210 REGNI
821 182 1005 210 LUDEWICI
1023 181 1070 208 IV.
1089 180 1135 207 ET
1155 179 1339 207 FRlDERICI
1357 178 1407 205 ΙΙΙ.
1444 177 1519 204 1322.
1556 177 1605 204 Nr.
1619 177 1677 205 653.

431 355 505 391 653.
541 352 813 390 LUDEWICI
842 350 1176 389 INFEUDATIO
1200 347 1484 386 FRIDERICI
1513 347 1813 385 SCALIGERI.

983 427 1092 464 1322.
1129 426 1213 462 Mai.
1235 427 1270 463 3.

408 533 571 573 Oriyimle
594 532 669 574 (or.)
681 533 728 566 ⁴in
743 531 903 564 tabuhrio
919 530 1067 562 comitum
1090 530 1127 561 de
1143 529 1395 561 Khuen-Belasi
1416 528 1490 560 olim
1513 529 1548 560 in
1562 531 1666 559 castro
1686 527 1836 568 Gandeyy
1855 537 1954 567 prope

294 584 416 624 Eppan
429 586 449 622 ¹,
473 585 539 615 iam
562 584 598 615 in
621 586 724 615 castro
751 581 917 614 Grusbach
939 582 975 613 in
999 581 1150 613 Moravia
1171 582 1341 612 asservato.
1385 579 1530 620 Siqillum
1543 580 1645 615 deest.
1669 597 1711 602 —
1734 578 1797 611 Ed.
1815 578 1954 611 Bb'hmer

295 636 390 667 ‘Acta
412 635 541 674 imperii
562 634 690 666 selecta’
709 644 744 673 p.
761 634 825 664 800
847 643 897 664 nr.
911 632 997 663 1113
1018 643 1057 664 ex
1080 643 1124 664 or.
1170 631 1354 663 Editionem
1374 632 1554 671 repetimus.

408 695 460 736 Cf.
480 694 683 734 privilegium
711 692 855 733 yenerale
887 693 990 724 eodem
1024 692 1076 723 die
1102 702 1281 723 concessum
1307 691 1468 732 hucusque
1496 691 1652 723 ineditum
1676 690 1954 723 ‘Archivberichte'

295 748 314 779 l.
332 758 357 779 c.
381 757 431 778 nr.
448 747 526 784 860,
562 745 607 777 ad
634 745 719 785 quod
746 744 938 783 conferenda
972 746 1049 775 sunt
1077 742 1251 783 privilegia
1278 742 1428 774 Heinrici
1455 742 1533 774 VII.
1561 753 1591 774 a.
1616 742 1711 774 1311.
1736 742 1829 775 Febr.
1847 742 1898 774 11.
1927 744 1956 773 et

295 798 378 838 Sept.
397 798 448 829 15.
473 797 551 828 data
573 796 662 836 apud
679 796 816 828 Bohmer
839 795 859 827 l.
877 806 901 827 e.
918 805 957 835 p.
974 795 1036 826 795
1048 805 1093 834 sq.
1117 805 1167 826 wr.
1183 794 1268 824 1105
1291 797 1321 826 et
1343 795 1437 826 1107.

403 891 596 923 Ludowicus
631 890 694 922 Dei
733 890 842 932 gracia
878 889 1100 920 Romanorum
1139 899 1197 920 rex
1238 899 1367 930 semper
1410 892 1565 931 augustus
1678 889 1835 920 universis
1876 891 1959 921 sacri

295 945 434 976 Romani
458 943 583 984 imperii
607 941 756 973 fidelibus
779 943 947 983 presentes
969 941 1094 972 litteras
1118 940 1308 981 inspecturis
1395 941 1538 981 graciam
1561 950 1652 971 suam
1669 943 1702 971 et
1716 951 1811 972 omne
1827 940 1956 973 bonum.

405 995 452 1037 (1)
475 994 582 1026 Nichil
607 997 715 1035 potest
738 1003 808 1025 esse
833 992 999 1024 decentius
1027 1002 1085 1023 nec
1115 991 1206 1023 radio
1237 991 1372 1023 clariore
1396 990 1572 1032 imperialis
1595 990 1772 1023 clemencia.
1796 992 1958 1035 elucescit,

296 1058 393 1090 quam
417 1046 504 1088 quod
527 1046 640 1077 fideles
663 1056 738 1077 suos
762 1045 827 1076 cira
851 1055 885 1076 se
908 1045 1012 1086 ipsam
1036 1043 1174 1085 colligit,
1204 1045 1364 1085 aggregat
1386 1045 1419 1074 et
1446 1042 1550 1084 fovet,
1577 1042 1623 1074 ita
1646 1042 1733 1084 quod
1755 1053 1775 1074 a
1798 1044 1903 1085 capite
1926 1045 1959 1076 in

296 1098 449 1131 membris
485 1097 635 1129 decurrat
669 1097 778 1138 gracia
809 1096 1001 1137 dignitatum
1034 1098 1067 1126 et
1099 1094 1197 1136 digna
1225 1094 1332 1135 dignis
1361 1093 1580 1135 respondeant
1607 1094 1732 1135 premia
1760 1095 1958 1127 meritorum.

298 1151 384 1187 Quia
407 1151 504 1192 igitur
526 1150 649 1181 maiore
672 1149 795 1180 honore
820 1147 984 1179 cumulare
1001 1146 1207 1187 intendimus,
1232 1156 1312 1187 quos
1335 1148 1443 1177 nostro
1466 1144 1577 1176 favore
1594 1144 1756 1186 digniores
1770 1145 1959 1188 iudicamus,

296 1202 437 1234 nobilem
461 1202 565 1232 virum
588 1200 788 1232 Fridericum
812 1203 923 1231 natum
947 1198 1033 1240 olym
1056 1197 1187 1229 Picardi
1211 1197 1251 1229 de
1274 1197 1306 1229 la
1330 1196 1425 1228 Scala
1447 1197 1551 1228 civem
1574 1195 1807 1238 Veronensem,
1830 1197 1960 1230 fidelem

296 1256 442 1285 nostrum
466 1252 619 1284 dilectum
643 1252 799 1283 universis
815 1250 943 1292 imperii
960 1249 1110 1281 fidelibus
1127 1249 1314 1291 exemplum
1330 1249 1550 1290 proponimus,
1574 1248 1663 1279 cuius
1678 1247 1776 1280 fidem
1792 1249 1961 1290 sinceram,

297 1306 386 1336 cuius
410 1304 628 1335 constanciam
652 1303 862 1342 invictricem,
886 1302 974 1333 cuius
997 1301 1126 1332 labores
1148 1302 1333 1340 immensos,
1357 1301 1446 1332 cuius
1468 1310 1568 1341 opera
1591 1302 1625 1331 et
1639 1299 1775 1331 servicia
1790 1300 1962 1342 magnifica

299 1357 331 1387 in
363 1356 450 1387 omni
477 1355 669 1386 necessitate
697 1353 823 1395 imperii
859 1357 892 1384 et
926 1355 1036 1384 nostra
1064 1352 1261 1393 sempiterna
1290 1351 1354 1382 fide
1385 1351 1512 1383 oculata
1539 1351 1779 1392 perspeximus,
1814 1351 1864 1383 cui
1897 1362 1962 1384 non

299 1407 463 1438 immerito
486 1406 581 1437 huius
605 1405 724 1437 donum
746 1405 870 1446 gracie,
901 1403 987 1445 quod
1010 1403 1042 1433 in
1066 1402 1275 1444 sequentibus
1299 1402 1494 1442 declaratur,
1523 1412 1565 1433 ex
1587 1405 1695 1434 nostre
1718 1402 1961 1444 magnificencie

299 1457 494 1489 liberalitate
509 1456 722 1488 concedimus.
746 1454 963 1486 Attendentes
979 1454 1076 1495 igitur
1089 1453 1309 1485 favorabiliter
1324 1464 1436 1495 puram
1450 1452 1558 1493 fidem,
1574 1453 1732 1484 sinceram
1744 1453 1961 1496 devotionem,

300 1509 447 1550 graciosa
476 1509 626 1546 servicia,
662 1517 724 1548 que
753 1510 786 1538 et
813 1516 892 1548 quas
919 1504 1063 1546 prefatus
1088 1504 1203 1536 nobilis
1230 1505 1277 1536 vir
1300 1504 1483 1535 Fridericus
1506 1503 1546 1535 de
1569 1504 1602 1535 la
1625 1503 1720 1536 Scala
1743 1508 1776 1536 et
1798 1506 1847 1537 sui
1869 1509 1960 1537 ante·

301 1570 445 1591 cessores
470 1570 547 1600 erga
570 1569 628 1589 nos
651 1561 683 1589 et
705 1557 876 1598 imperium
900 1566 1028 1597 semper
1050 1555 1232 1587 habuerunt
1259 1565 1297 1587 ac
1327 1556 1360 1586 in
1383 1555 1470 1586 omni
1492 1555 1685 1587 necessitate
1706 1556 1834 1598 imperii
1849 1556 1962 1588 fideles

302 1621 339 1642 ac
364 1613 547 1641 constantes
569 1609 779 1650 prestiterunt
795 1618 832 1639 ac
848 1607 935 1639 idem
951 1608 1020 1648 ipsc
1038 1610 1070 1638 et
1085 1606 1224 1650 heredes
1239 1607 1288 1637 sui
1303 1606 1424 1638 habere
1441 1609 1592 1647 poterunt
1606 1607 1638 1637 in
1655 1607 1806 1648 futurum,
1830 1607 1961 1650 dignum

303 1661 504 1693 decernimus
536 1659 684 1702 preclara
718 1659 853 1690 servicia
885 1668 942 1689 sua
977 1661 1009 1688 et
1045 1668 1173 1689 suorum
1210 1657 1319 1699 palma
1353 1657 1450 1699 digne
1483 1657 1706 1689 retribucionis
1741 1658 1894 1691 decorare
1930 1663 1963 1691 et

303 1713 445 1754 graciam
470 1712 578 1752 gracie
603 1713 635 1741 et
651 1710 883 1751 benignitatem
903 1709 1094 1751 benignitati
1111 1709 1252 1741 adiicere
1268 1710 1301 1740 in
1317 1709 1465 1741 eundem.
1554 1709 1601 1751 (2)
1618 1709 1824 1753 Quapropter
1839 1711 1980 1743 noverit'

304 1763 445 1794 omnium
479 1762 623 1793 fidelium
657 1761 784 1802 imperii
817 1764 881 1792 tam
910 1762 1112 1802 presencium
1142 1772 1239 1803 quam
1270 1761 1449 1793 futurorum
1472 1760 1643 1800 industria,
1673 1761 1759 1802 quod
1789 1772 1847 1793 nos
1874 1763 1964 1794 iuxta

305 1813 449 1855 regalem
471 1813 724 1844 munificenciam
740 1812 905 1844 Friderico
929 1816 1108 1844 memorato
1133 1817 1166 1844 et
1188 1814 1252 1844 suis
1274 1812 1448 1844 heredibus
1469 1814 1634 1854 utriusque
1658 1823 1763 1853 sexus,
1787 1814 1833 1844 ita
1855 1817 1966 1846 tamen

307 1865 393 1907 quod
428 1864 650 1896 deficientibus
683 1864 833 1895 masculis
867 1864 986 1896 femine
1018 1864 1191 1896 succedere
1229 1865 1369 1906 possint,
1403 1863 1520 1896 vallem
1549 1863 1741 1896 Pulicellam
1768 1864 1966 1896 Veronensis

305 1916 452 1957 dyocesis
469 1926 541 1947 cum
557 1926 647 1946 mero
665 1918 696 1946 et
712 1916 814 1946 mixto
830 1917 966 1957 imperio
985 1920 1018 1947 et
1034 1916 1180 1947 omnibus
1196 1916 1328 1957 iuribus,
1352 1915 1536 1955 honoribus,
1558 1915 1661 1956 bonis,
1684 1915 1965 1958 iurisdictionibus,

303 1967 494 1998 utilitatibus
511 1970 544 1998 et
559 1967 765 2008 pertinenciis
781 1968 854 2008 suis,
879 1968 971 1999 cultis
988 1971 1020 1999 et
1036 1969 1172 2008 incultis,
1189 1967 1361 2006 montibus,
1385 1967 1499 2009 plania,
1522 1968 1591 2008 viis,
1607 1968 1709 2008 inviis,
1733 1969 1843 2009 pratis,
1867 1968 1964 2009 silvis,

304 2019 440 2060 pascuis,
464 2019 574 2058 vineis,
599 2018 835 2059 venacionibus,
860 2020 962 2060 aquis,
987 2019 1183 2059 decursibus,
1206 2019 1445 2061 piscationibus,
1462 2020 1594 2061 portuiS‚
1610 2019 1778 2061 passagiis,
1795 2019 1964 2059 theloneis,

304 2070 460 2111 ripaticis,
484 2070 574 2100 vadis
598 2069 853 2101 molendinorum
878 2074 911 2102 et
934 2072 1050 2102 ceteris
1072 2071 1278 2112 utilitatibus,
1302 2071 1579 2112 qualitercumque
1607 2071 1765 2102 nominari
1787 2071 1840 2102 vel
1869 2071 1966 2103 scribi

304 2124 449 2163 possent,
477 2121 518 2152 ad
548 2131 605 2152 nos
634 2124 666 2153 et
693 2122 864 2162 imperium
894 2123 1115 2164 spectantibus
1138 2124 1170 2154 in
1194 2123 1324 2163 eadem,
1357 2123 1454 2154 etiam
1490 2122 1531 2154 de
1560 2122 1708 2154 omnibus
1734 2123 1811 2164 hiis,
1836 2133 1899 2166 que
1922 2123 1964 2155 ab

304 2173 439 2213 imperio
465 2173 637 2204 dinoscitur
662 2174 800 2204 tenuisse
824 2173 906 2205 infra
923 2175 1059 2205 termina
1075 2175 1160 2216 olym
1178 2175 1282 2216 posita
1299 2175 1382 2206 inter
1397 2175 1592 2206 territorium
1609 2174 1753 2206 comunis
1770 2174 1966 2207 Veronensis

306 2226 339 2255 et
362 2223 445 2255 dicte
469 2223 559 2254 vallis
581 2235 640 2265 per
663 2224 783 2255 dictum
808 2235 941 2256 comune
958 2226 1087 2257 Veronc
1113 2230 1145 2257 et
1169 2226 1331 2257 dominum
1353 2225 1553 2258 Fridericum
1575 2236 1677 2268 usque
1701 2226 1744 2257 ad
1767 2227 1963 2258 territorium

305 2274 540 2315 Tridentinum,
565 2280 659 2316 prout
681 2286 738 2316 per
761 2286 897 2308 comune
920 2277 1050 2308 Vei-one
1075 2277 1241 2308 detentum
1265 2278 1325 2309 fuit
1348 2278 1524 2319 antiquitus
1553 2280 1586 2309 et
1609 2287 1808 2319 possessum,
1838 2278 1871 2309 in
1901 2288 1965 2319 qua

305 2326 389 2357 valle
413 2326 498 2358 idem
521 2327 702 2358 Fridcricus
729 2338 748 2358 a
771 2327 862 2359 nobis
892 2332 924 2359 et
954 2329 1089 2370 imperio
1118 2332 1207 2360 tenct
1236 2340 1333 2360 unum
1362 2332 1501 2361 castrum
1530 2333 1563 2360 et
1591 2329 1671 2361 duas
1694 2329 1821 2361 villulas
1844 2329 1909 2361 iam
1932 2330 1964 2361 in

306 2377 448 2417 feudum,
472 2378 511 2409 de
536 2378 636 2419 regali
660 2379 880 2410 munificencia
904 2383 936 2410 et
958 2380 1068 2421 gracia
1091 2380 1224 2421 speciali
1246 2380 1278 2411 in
1302 2380 1434 2412 feodum
1451 2381 1565 2412 damus
1582 2384 1615 2412 et
1631 2385 1743 2413 tenore
1760 2381 1965 2422 presencium

306 2428 509 2461 concedimus
533 2433 565 2460 et
588 2430 758 2470 donamus,
787 2430 994 2462 investientes
1022 2432 1126 2472 ipsum
1150 2431 1352 2472 presentibus
1381 2432 1421 2464 de
1451 2432 1590 2473 eisdem,
1618 2435 1751 2474 recepto
1781 2432 1966 2464 huiusmodi

306 2479 394 2511 feodi
418 2481 546 2512 racione
571 2485 770 2512 sacramento
795 2482 903 2513 debito
927 2482 967 2513 ab
992 2482 1117 2514 eodem.
1163 2483 1257 2515 Hanc
1273 2484 1371 2524 igitur
1393 2487 1535 2516 nostram
1558 2484 1702 2525 graciam
1717 2486 1964 2525 augmentantes

306 2534 339 2563 et
361 2531 504 2572 predicte
522 2533 706 2564 investitur-e
728 2544 747 2564 a
763 2533 854 2565 nobis
871 2534 955 2565 facte
972 2534 1069 2565 robur
1085 2538 1117 2566 et
1132 2535 1317 2567 firmitatem
1332 2535 1510 2567 inserentes
1533 2538 1748 2567 memoratum
1763 2534 1964 2567 Fridericum

305 2581 435 2614 fidelem
461 2586 601 2614 nostrum
625 2585 656 2614 in
679 2585 912 2625 possessionem
937 2585 1021 2617 dicte
1046 2586 1138 2617 vallis
1161 2587 1279 2618 intrare
1296 2586 1498 2619 decernimus
1515 2590 1547 2618 et
1562 2597 1704 2619 manere.
1749 2586 1792 2618 Et
1806 2587 1834 2618 si
1848 2586 1964 2629 aliquis

306 2634 432 2675 prefate
458 2638 565 2666 nostre
582 2636 690 2675 gracie
708 2639 740 2667 et
756 2637 952 2668 concessioni
969 2638 1127 2669 contraire
1143 2639 1385 2680 presumpserit,
1410 2639 1580 2680 quominus
1603 2637 1767 2680 predictus
1781 2638 1964 2670 Friderieus

306 2685 336 2715 in
361 2687 561 2726 possessione
587 2686 669 2718 dicte
694 2687 785 2718 vallis
809 2688 915 2719 valeat
938 2688 1038 2720 libere
1062 2700 1262 2730 permanere,
1287 2700 1398 2721 omnes
1422 2690 1530 2731 duces,
1554 2690 1725 2732 principes,
1749 2690 1963 2731 marchiones,

410 2788 435 2820 1)
459 2787 716 2816 octentlzal-Redlich
736 2790 952 2817 ‘Archiv-bertolde
970 2799 1020 2816 aas
1042 2790 1129 2817 Τέω-οῖ’
1149 2792 1169 2818 Ι
1187 2791 1284 2825 (Wien
1304 2794 1382 2825 1888)
1398 2800 1427 2825 p.
1441 2795 1492 2818 188
1509 2799 1552 2818 nr.
1565 2795 1620 2819 861.

1977 950 2003 970 m

1982 2238 2008 2257 ³5

1980 2803 2006 2822 ⁴5
