2184 3126
350 184 410 214 738
623 180 719 207 ACTA
740 179 852 206 REGNI
872 178 1056 205 LUDEWICI
1075 177 1121 204 IV.
1140 177 1187 204 ET
1207 177 1391 205 FRIDERICI
1411 177 1458 204 111.
1495 177 1572 205 1324.
1608 178 1656 204 Nr.
1670 178 1729 205 909.

347 268 494 299 Romane
518 265 647 297 rebellis
670 268 703 296 et
725 265 886 295 hereticus
915 264 956 295 ab
980 263 1128 295 omnibus
1154 263 1304 295 fidelibus
1330 263 1505 303 habeatur,
1536 267 1632 304 prout
1658 263 1736 295 hec'
1766 267 1799 296 et
1821 264 1915 307 plura
1937 266 2002 297 alia

348 319 431 349 circa
454 318 536 349 hec'³
559 317 591 347 in
614 315 970 355 determinacionibush,
994 313 1284 346 declaracionibusi
1307 317 1340 346 et
1362 314 1477 345 litteris
1500 314 1685 355 apostolicis
1707 325 1805 357 super
1826 315 1910 348 hiis¹t
1925 327 2001 348 con-

349 370 441 401 fectis
457 369 581 410 plenius
597 367 806 399 continentur.
844 366 1008 407 ¹Liquet¹¹¹
1031 366 1129 406 igitur
1144 365 1230 406 quod
1254 364 1322 396 inm*
1339 365 1492 406 predictis
1508 366 1792 398 constitucionibus
1806 368 2002 400 contrarium

348 420 468 452 faciens
506 419 617 450 incidit
653 419 684 448 in
719 417 839 448 factum
874 417 1083 458 dampnatum
1121 419 1154 448 et
1191 417 1399 458 semetipsum
1437 416 1595 448 involvitn
1628 417 1874 460 dampnacioni⁰
1906 419 2001 451 here·

347 483 430 505 seos.
507 477 530 495 p.
542 471 549 489 ¹
562 469 716 501 Similiter
735 469 768 500 in
784 468 924 500 secundo
941 468 1086 507 articulo‚
1110 468 1164 499 ubi
1181 467 1297 499 diffinit
1312 468 1491 500 hereticum
1508 468 1625 510 dicere,
1649 469 1736 511 quod
1751 480 1815 501 non
1830 469 2002 503 habuerint
2029 482 2042 501 s

347 524 395 554 ius
411 522 522 554 utendi
538 522 600 552 illis
616 520 720 560 rebus,
746 531 825 561 quas
842 530 898 551 eos
921 519 1071 551 habuisse
1088 529 1178 551 sacra
1202 519 1359 561 scriptura
1374 522 1520 560 testatur,
1545 520 1620 561 quia
1635 530 1677 551 ex
1693 521 1754 553 hoc
1770 521 2001 562 concluditur⁴¹‚

345 579 380 605 ut
403 574 479 604 dicit
502 572 707 611 constitucio,
744 582 837 602 usum
866 581 975 602 eorum
1008 581 1072 602 non
1099 570 1195 602 fuisse
1224 571 1375 611 iustum‘‚
1406 570 1520 611 fallax,
1555 571 1724 603 subdoluss
1747 576 1780 604 et
1809 565 1940 605 dolosus
1969 577 2002 606 et

345 626 496 664 ignorans
518 623 750 665 perfectionem
767 623 884 654 Christi
907 623 972 654 vite
996 622 1047 654 vel
1071 633 1143 654 eam
1166 622 1331 654 maliciose
1346 623 1527 664 inpugnans
1542 624 1751 665 semetipsum
1774 624 1820 656 sic
1835 624 2001 666 arguendo

347 675 466 717 decipit
496 678 529 706 et
551 674 724 706 confundit.
771 674 875 706 ¹Nam
899 674 979 705 sicut
1003 673 1124 705 dictum
1148 677 1210 714 est,
1241 673 1424 705 abdieaeiot
1446 674 1524 705 iuris
1551 674 1583 705 in
1611 675 1828 717 cuiuscunque
1854 677 1902 708 rei
1926 687 2001 719 pro-

346 728 482 768 prietate
507 725 558 757 vel
580 726 632 756 in¹¹
654 736 712 756 usu
737 726 805 756 eius
833 728 882 757 est
903 728 1014 757 sancta
1038 728 1070 756 et
1093 725 1258 756 meritoria
1281 728 1414 766 propter
1435 725 1544 757 Deum
1568 729 1601 757 et
1623 736 1643 757 a
1666 726 1794 759 Christo
1816 728 1849 759 in
1872 738 1907 760 se
1930 729 2000 770 ipso
2020 739 2046 759 ιο

345 781 473 810 servata
497 781 529 809 et
552 776 707 819 apostolis
729 777 868 818 inposita
898 780 931 808 et
954 777 994 808 ab
1017 777 1095 818 ipsis
1118 776 1176 807 sub
1200 779 1296 808 votov
1319 779 1486 818 assumpta
1512 787 1572 809 nec
1600 787 1659 819 per
1688 777 1750 810 hoc
1772 779 1903 810 nullusw
1925 790 2001 812 usus

345 829 422 861 facti
438 829 480 860 ad
496 829 790 860 sustentacionemx
805 832 919 860 nature
937 829 969 859 in
987 827 1114 860 Christo
1138 831 1189 859 ety
1205 828 1361 869 apostolis
1383 828 1582 860 convincitur
1604 839 1675 860 esse
1698 839 1762 861 non
1785 831 1896 872 iustus,
1920 831 2003 863 sicut

344 880 395 911 hic
411 881 586 912 contrarius
605 880 723 911 Christi
739 879 821 911 vitez
837 879 1009 920 concludit,
1033 883 1082 911 set
1105 882 1194 910 tanto
1218 880 1331 911 iustior
1345 884 1403 911 ac*
1417 879 1594 921 perfectior
1609 880 1662 912 eth
1675 880 1767 912 Deo⁰
1783 882 1953 924 accepcior
1969 886 2003 914 et

350 931 469 962 mundo
500 931 748 972 exemplariord,
782 934 902 972 quanto
931 931 1056 972 plenius
1086 930 1305 962 renunciatum
1329 933 1394 962 est⁰
1417 932 1504 963 omni
1526 931 1604 974 iuri,
1634 942 1692 973 per
1715 933 1802 974 quod
1825 937 1936 975 posset
1957 934 2002 966 sic

347 985 440 1014 utens
463 993 521 1024 pro
545 993 603 1014 usu
626 982 808 1014 huiusmodi
833 982 1078 1024 quomodolibet
1101 982 1312 1014 contenderes
1331 982 1384 1014 vel
1407 982 1439 1014 in
1461 983 1581 1015 iudicio
1603 984 1741 1026 litigare.
1786 984 1829 1016 Et
1851 985 1896 1016 sic
1911 988 2004 1027 patet
2021 990 2047 1016 ιδ

345 1034 614 1073 manifestissime,
640 1034 726 1075 quod
748 1034 780 1065 in
803 1037 962 1075 utraquess
985 1034 1216 1065 constitucione
1240 1034 1437 1065 convincitur
1460 1044 1531 1067 esse
1553 1034 1715 1067 hereticus
1737 1037 1937 1069 manifestus.

454 1090 502 1123 (11)
533 1086 690 1116 Preterea
717 1088 854 1126 apparet
880 1085 1049 1117 manifeste
1059 1085 1084 1125 ¹¹,
1108 1085 1195 1127 quod
1223 1086 1405 1127 quicunque
1428 1085 1506 1118 dicit
1528 1086 1610 1119 hanc
1636 1091 1863 1129 paupertatem
1885 1088 2002 1121 altissi-

344 1148 441 1177 mam,
466 1147 528 1178 que
552 1141 601 1168 est
624 1137 747 1178 lampas
763 1140 871 1168 nostre
895 1137 970 1168 fidei
995 1140 1027 1169 et
1051 1137 1305 1178 fundamentum,
1329 1148 1393 1169 non
1409 1137 1587 1179 precellere
1603 1139 1702 1171 vitam
1719 1142 1753 1170 et
1766 1139 2002 1181 professionem

345 1189 536 1220 habcncium
561 1189 592 1219 in
616 1189 775 1219 communi
799 1189 866 1220 sive
891 1190 922 1220 in
946 1189 1087 1230 proprio,
1111 1189 1307 1221 necessarioi
1323 1189 1517 1230 concludit¹¹‚
1541 1189 1703 1222 Christum
1717 1201 1782 1223 non
1797 1191 1896 1223 fuisse
1911 1191 2002 1224 vere¹

345 1240 507 1272 Christum
529 1250 588 1271 nec
612 1240 791 1271 Messiamm
815 1240 916 1280 illum,
941 1251 1036 1282 quem
1060 1240 1114 1272 lex
1138 1244 1170 1272 et
1193 1241 1353 1282 prophete
1377 1242 1576 1282 promittunt.
1622 1242 1661 1273 In
1684 1243 1892 1275 estimacione
1916 1243 2001 1275 enim
2019 1253 2047 1274 ω

343 1291 530 1323 diviciarum
547 1292 613 1323 sive
637 1292 853 1323 communium
871 1293 937 1323 sive
961 1293 1164 1334 propriarum
1188 1295 1237 1323 est
1260 1293 1436 1334 principale
1452 1293 1696 1326 fundamentum
1719 1297 1754 1326 et
1774 1295 1871 1327 ianua
1893 1295 2002 1337 singu-

343 1343 418 1374 laris
449 1347 556 1375 secten
586 1343 784 1375 antichristi⁰
813 1347 846 1375 et
869 1345 972 1375 tocius
995 1345 1112 1376 erroris
1134 1344 1258 1376 Iudaici
1287 1348 1321 1376 et
1348 1346 1472 1377 eciam»
1494 1348 1582 1383 secte
1606 1345 1872 1387 fiai-moenum,
1901 1337 2002 1379 ‘lcum

342 1395 446 1426 enim'r
469 1395 523 1426 lex
547 1398 579 1427 et
602 1395 761 1436 prophete
784 1396 815 1426 in
838 1395 1010 1427 verborum
1034 1396 1203 1438 superficie
1225 1397 1431 1438 promittant·
1447 1398 1611 1438 temporat
1626 1397 1765 1430 Christiu
1780 1399 1847 1430 sive
1862 1398 2002 1432 Messio*

346 1449 378 1477 et
401 1456 459 1487 per
481 1447 585 1488 ipsum
609 1447 678 1478 dari
702 1448 773 1478 eisW
796 1453 955 1489 regnum¹
978 1448 1109 1489 plenum
1126 1448 1250 1479 diviciis
1274 1452 1326 1480 ety
1349 1448 1519 1490 opulencia
1540 1449 1749 1482 inestimabili
1772 1452 1806 1481 et
1819 1450 2001 1483 universale

345 1497 519 1529 dominium
549 1498 659 1529 mundi
688 1501 721 1530 et
749 1498 810 1530 hoc
834 1499 892 1530 sub
922 1499 985 1530 illis
1007 1500 1117 1541 figuris
1140 1505 1198 1531 acz
1222 1499 1432 1532 methaforis⁸
1454 1501 1662 1542 magnificent
1683 1502 1764 1533 miro
1787 1501 1896 1543 modo,
1919 1503 2004 1534 sicut
2020 1511 2046 1532 a

345 1548 480 1590 quilibet
501 1549 611 1581 videre
634 1553 742 1591 potest
764 1551 796 1581 in
819 1551 984 1592 scripturis
1008 1551 1123 1582 divinis
1147 1554 1180 1583 et
1202 1552 1256 1582 inb
1280 1552 1447 1594 prophetis
1456 1557 1478 1584 ⁰.
1525 1551 1558 1584 Si
1582 1552 1714 1584 verum‘¹
1739 1556 1790 1585 est
1811 1553 1927 1586 melius
1950 1557 2002 1587 et⁰

345 1599 480 1632 divinius
505 1611 586 1640 esse,
610 1602 716 1633 vivere
740 1602 772 1633 in
796 1602 1020 1634 communibus
1043 1602 1167 1634 diviciis
1190 1604 1258 1635 sive
1281 1604 1429 1645 propriiS,
1452 1614 1550 1646 quam
1572 1605 1605 1636 in
1626 1604 1783 1637 altissima
1797 1609 2001 1648 paupertate,

344 1655 438 1692 prout
467 1653 712 1685 constituciones
743 1653 888 1695 predicte
915 1654 1090 1696 loquuntur
1099 1654 1115 1696 f,
1146 1658 1241 1687 tuncss
1267 1656 1449 1687 necessario
1478 1656 1636 1698 sequitur,
1667 1656 1753 1698 quod
1781 1656 1927 1689 Christus
1959 1657 2003 1690 ad

344 1703 483 1734 litteram
508 1703 618 1736 debuit
640 1705 717 1736 talia
747 1706 832 1737 ferre
861 1716 987 1747 secum,
1023 1707 1099 1748 quia
1121 1706 1175 1738 idh
1199 1707 1286 1749 quod
1308 1708 1424 1740 melius
1447 1708 1520 1749 fuit,
1550 1719 1608 1750 pro
1632 1719 1667 1740 se
1689 1708 1811 1741 habere
1834 1708 1947 1742 debuit
1969 1713 2002 1742 et

346 1754 454 1786 Iudeis
471 1755 557 1795 dare,
581 1755 683 1787 itumk
700 1758 798 1788 etiam
823 1759 897 1799 quia
921 1761 994 1790 tunc
1017 1759 1104 1790 nulla
1127 1760 1214 1791 racio
1231 1763 1290 1799 est,
1314 1769 1414 1800 quare
1430 1759 1485 1791 lex
1508 1763 1541 1791 et
1562 1760 1721 1802 prophete
1744 1760 1774 1791 in
1791 1761 2004 1802 promissione
2021 1769 2048 1789 ω

346 1805 531 1838 diviciarum
555 1810 587 1838 et
606 1808 759 1839 maxime¹
776 1808 913 1850 illarum,
938 1820 1017 1851 quas
1042 1811 1199 1852 promittit
1220 1821 1279 1852 pro
1303 1814 1449 1852 tempore
1473 1811 1632 1843 adventus
1647 1810 1764 1843 Christi
1788 1813 1856 1844 sive
1871 1813 2001 1855 Messie,

345 1857 386 1888 ad
410 1857 546 1889 litteram
572 1869 633 1890 non
656 1859 900 1902 intelligantur-¹¹¹
917 1860 957 1893 de
981 1861 1103 1893 diviciis
1126 1861 1369 1904 temporalibus,
1393 1863 1475 1894 sicut
1497 1862 1605 1895 littera
1631 1867 1733 1895 sonat.
1781 1863 1930 1897 icertum
1953 1869 2003 1898 est

345 1911 466 1949 autem,
496 1909 656 1941 Christum
683 1911 725 1942 ad
748 1911 866 1944 Iudeos
893 1914 924 1944 in
948 1913 1228 1945 habundanciamn
1251 1913 1453 1946 diviciarum¹
1476 1925 1540 1946 non
1566 1915 1702 1947 venisse.
1746 1915 1834 1958 Ergo
1857 1917 2002 1959 sequitur

346 1961 524 1992 necessario
549 1972 590 1992 ex
613 1963 698 1994 istis⁰
722 1963 884 1995 Christum
913 1975 976 1996 non
999 1964 1098 1997 fuisse
1121 1971 1218 1998 vere?
1241 1966 1404 1998 Christum
1432 1971 1518 1997 necq
1540 1971 1668 1999 verumr
1689 1967 1844 2000 Moesiam
1871 1971 1906 2000 et
1927 1972 2002 2001 tunc

345 2013 546 2053 apertissima
573 2017 623 2044 est
649 2014 743 2046 ianua
772 2016 814 2047 ad
842 2016 1098 2049 concludendum
1126 2027 1237 2049 verum
1268 2017 1431 2050 Christum
1460 2021 1494 2049 et
1521 2028 1632 2049 verum
1655 2018 1808 2051 Messinm
1835 2019 1941 2052 adhuc
1968 2021 2002 2052 in
2019 2024 2045 2044 ⁸⁵

446 2107 511 2133 909.
540 2108 559 2140 f)
578 2110 645 2135 deest
664 2111 688 2135 A
701 2110 728 2141 3;
757 2111 804 2136 hoc
822 2111 847 2135 B
859 2110 883 2135 2.
965 2112 990 2143 8)
1010 2113 1058 2138 hoc
1077 2112 1101 2136 B
1113 2112 1138 2138 2.
1219 2111 1246 2145 h)
1265 2117 1291 2138 et
1308 2113 1372 2139 add.
1391 2113 1415 2138 A
1429 2112 1454 2139 4.
1467 2112 1492 2139 5.
1571 2112 1590 2145 i)
1609 2114 1678 2140 deest
1689 2114 1715 2138 A
1727 2113 1751 2139 3.
1822 2113 1848 2147 k)
1866 2113 1929 2141 hstis
1941 2115 2000 2141 A3.

344 2147 363 2180 ¹)
376 2150 474 2181 signum
481 2153 647 2185 paragraphi
659 2154 687 2178 in
699 2154 725 2178 B
734 2154 758 2180 2.
817 2154 849 2186 ¹¹¹)
863 2154 956 2187 Liquid
968 2155 994 2179 B
1003 2153 1027 2180 2.
1087 2155 1131 2187 m⁸)
1144 2156 1214 2181 deest
1226 2156 1249 2180 A
1259 2155 1285 2182 4.
1295 2156 1319 2182 5.
1379 2156 1404 2188 n)
1417 2157 1470 2182 inv.
1483 2156 1552 2182 dee-t
1563 2156 1588 2181 A
1597 2155 1622 2182 4.
1676 2156 1700 2189 ⁰)
1713 2157 1894 2190 dampnatione
1907 2158 1931 2183 A
1941 2157 1966 2184 4.
1977 2158 2002 2184 5.

346 2190 370 2222 Ρ)
389 2193 487 2224 siquam
504 2196 666 2228 paraqraplzi
680 2197 708 2221 in
725 2197 747 2220 A
761 2196 782 2222 l.
845 2197 871 2229 q)
889 2198 1020 2223 concludit
1033 2198 1057 2222 A
1069 2198 1091 2224 1.
1156 2199 1178 2230 1“)
1198 2200 1278 2225 fuisse
1297 2208 1349 2224 non
1367 2200 1427 2224 iust.
1442 2199 1466 2223 A
1477 2198 1536 2225 1.4.
1602 2198 1623 2231 Β)
1640 2200 1743 2225 sedolns
1754 2199 1814 2226 Β2.
1878 2200 1899 2234 t)
1918 2202 2002 2227 omnis

346 2234 408 2260 aad.
422 2235 445 2259 A
458 2235 482 2260 4.
495 2236 518 2261 5.
589 2238 614 2270 u)
633 2240 659 2263 in
678 2240 745 2264 deest
758 2239 782 2264 A
795 2239 820 2265 4.
891 2239 916 2272 v)
935 2249 1003 2267 corr.
1021 2250 1052 2266 ex
1071 2250 1133 2267 voce
1146 2241 1171 2266 A
1186 2242 1215 2273 13
1234 2246 1296 2276 vot-a
1309 2242 1333 2266 A
1347 2241 1372 2268 2.
1381 2241 1406 2268 3.
1477 2242 1508 2274 w)
1527 2242 1598 2268 ullus
1616 2242 1641 2267 A
1653 2241 1678 2268 4.
1688 2242 1712 2268 5.
1726 2242 1751 2267 Β
1760 2242 1785 2268 2.
1856 2243 1882 2276 ¹)
1901 2248 2001 2270 susten-

347 2277 444 2302 cionem
463 2279 488 2302 B
500 2278 523 2304 1.
640 2281 665 2312 5)
684 2283 710 2307 in
729 2283 789 2308 add.
810 2282 837 2307 A
848 2282 871 2308 4.
886 2283 910 2308 5.
1028 2284 1051 2316 ²)
1070 2285 1122 2310 vite
1141 2286 1236 2310 Christi
1254 2285 1335 2316 (decet
1351 2284 1415 2315 A4)
1433 2286 1578 2311 contrarius
1597 2285 1622 2310 A
1634 2285 1659 2312 4.
1672 2285 1697 2311 5.
1813 2286 1838 2318 ⁸)
1857 2290 1883 2312 et
1899 2287 1925 2312 A
1937 2286 1962 2314 4.
1975 2287 1999 2314 5.
2018 2293 2045 2313 4⁰

349 2319 372 2350 ι7)
391 2324 416 2345 et
435 2320 458 2344 A
473 2321 494 2346 1.
508 2321 535 2351 5;
560 2327 637 2355 atque
656 2325 679 2349 A
693 2324 717 2350 4.
831 2326 855 2359 c)
874 2335 903 2352 eo
923 2327 947 2351 A
959 2326 983 2352 2.
1004 2327 1071 2358 B1;
1095 2328 1163 2353 deest
1180 2326 1241 2354 132.
1353 2326 1378 2360 d)
1397 2328 1619 2362 oontemplaeior?
1637 2328 1662 2353 A
1677 2329 1700 2354 1.
1809 2329 1833 2361 Θ)
1852 2330 1920 2356 deest
1938 2329 2000 2357 132.

347 2361 367 2393 s)
385 2367 562 2396 contempnere
581 2366 605 2390 A
620 2366 642 2392 1.
655 2367 679 2393 2.
693 2367 716 2393 3.
735 2368 760 2392 Β
773 2368 801 2399 1;
820 2371 999 2403 contempdere
1018 2369 1078 2403 A4,
1184 2370 1211 2402 Β)
1230 2378 1388 2404 unaquaque
1406 2371 1432 2396 B
1443 2371 1467 2397 2.
1573 2370 1599 2403 ¹¹)
1618 2372 1826 2398 manifestissime
1844 2373 1870 2398 A
1882 2372 1915 2403 3;
1933 2382 2001 2400 man.

347 2413 404 2438 app.
423 2406 447 2429 A
459 2406 484 2432 4.
579 2407 597 2440 i)
617 2412 760 2436 necessaria
777 2410 835 2443 (alt.
855 2421 871 2437 a
890 2421 957 2439 corr.
975 2422 1007 2438 ex
1025 2413 1051 2445 o)
1071 2413 1095 2437 A
1110 2413 1132 2439 1.
1230 2411 1256 2446 ¹‘)
1275 2414 1390 2440 excludit
1409 2414 1433 2439 A
1446 2413 1470 2440 3.
1558 2413 1578 2446 1)
1597 2423 1687 2440 verum
1706 2415 1730 2440 A
1743 2414 1768 2441 4.
1778 2415 1802 2441 5.
1891 2416 1924 2449 ¹¹¹)
1942 2425 2002 2442 con-

350 2455 449 2473 cessum
468 2450 492 2473 A
508 2450 534 2481 13
553 2452 680 2484 Messyam
699 2454 723 2477 A
736 2453 760 2479 3.
857 2454 882 2487 ¹1)
901 2456 970 2481 deest
987 2457 1011 2481 A
1025 2455 1049 2482 5.
1139 2456 1163 2488 ⁰)
1180 2457 1331 2482 antechristi
1349 2457 1374 2482 A
1387 2457 1412 2483 5.
1430 2457 1455 2482 B
1466 2457 1488 2483 1.
1584 2458 1610 2490 1²)
1628 2459 1691 2483 ec—ca
1708 2458 1734 2482 B
1746 2458 1770 2485 1.
1857 2459 1884 2492 ¹1)
1901 2460 2002 2493 dynam

344 2492 510 2524 paraqraphi
527 2493 554 2517 in
572 2493 596 2517 B
609 2493 633 2519 2.
719 2494 740 2528 ¹f)
759 2500 845 2523 tamen
864 2498 887 2522 A
902 2497 925 2524 3.
1004 2499 1024 2531 Β)
1043 2507 1124 2532 perm.
1143 2499 1168 2524 A
1183 2499 1212 2530 1;
1231 2500 1361 2533 permittat
1379 2501 1403 2526 A
1417 2500 1440 2527 3.
1523 2501 1543 2534 t)
1561 2502 1702 2535 temporale
1719 2501 1745 2527 B
1758 2502 1782 2528 1,
1861 2503 1887 2535 ΙΙ)
1906 2503 2002 2529 Christi
2018 2508 2043 2528 45

348 2538 460 2566 tempore
480 2536 502 2559 A
516 2535 539 2560 5.
639 2537 662 2569 V)
690 2539 791 2572 Messye
809 2541 863 2565 sim.
883 2550 982 2574 semper
1000 2542 1025 2567 A
1039 2542 1066 2572 1;
1094 2543 1181 2568 missis
1200 2542 1224 2567 A
1237 2542 1262 2569 4.
1363 2543 1394 2576 w)
1423 2544 1459 2569 eis
1477 2544 1532 2570 dari
1550 2544 1576 2569 B
1589 2544 1610 2570 l.
1624 2543 1649 2571 2.
1750 2545 1776 2578 x)
1804 2546 1920 2579 regimen
1931 2545 1958 2571 A
1970 2545 2000 2577 3;

349 2583 456 2608 regnum
475 2585 542 2603 corr.
560 2587 590 2603 εκ
608 2581 720 2612 regimen
740 2582 764 2605 A
777 2581 800 2607 2.
888 2585 912 2615 y)
931 2585 998 2610 deest
1017 2584 1040 2609 A
1054 2584 1079 2611 2.
1167 2585 1190 2618 ²)
1209 2589 1235 2611 et
1253 2586 1278 2610 A
1292 2585 1315 2611 1.
1328 2586 1359 2616 5;
1378 2586 1446 2612 dccet
1465 2587 1489 2611 A
1502 2587 1527 2613 4.
1620 2587 1645 2621 Β)
1664 2588 1838 2622 methaphoris
1855 2589 1881 2614 A
1895 2588 1918 2614 1.
1932 2588 1957 2615 2.
1969 2588 1998 2621 33

348 2619 543 2651 methaphoricis
561 2621 585 2645 A
597 2621 626 2653 43
646 2623 816 2650 methaforicis
836 2626 859 2650 A
873 2626 901 2655 5;
920 2628 1059 2653 metafforis
1077 2628 1102 2653 B
1114 2627 1138 2654 2.
1231 2627 1257 2661 b)
1276 2629 1344 2655 deest
1363 2629 1387 2654 A
1401 2630 1425 2656 4.
1438 2630 1463 2656 5.
1556 2631 1580 2662 c)
1598 2631 1741 2664 propheefifl
1758 2631 1785 2656 Β
1796 2630 1821 2657 2·
1908 2630 1935 2664 d)
1954 2632 1999 2658 ἤθ-

348 2669 405 2686 rum
424 2662 448 2685 Β
459 2661 482 2686 2.
577 2664 600 2695 Θ)
619 2665 685 2690 deest
704 2666 727 2690 A
740 2666 764 2692 1.
860 2668 879 2700 s)
897 2670 1017 2696 locuntur
1036 2671 1060 2696 A
1073 2671 1097 2696 4.
1111 2670 1135 2697 5.
1155 2672 1180 2696 Β
1194 2671 1216 2697 l.
1305 2671 1331 2705 Β)
1349 2673 1390 2699 Ξῖ)
1410 2673 1434 2698 A
1449 2672 1471 2699 l.
1555 2673 1581 2706 h)
1598 2674 1663 2699 illud
1681 2674 1706 2699 A
1719 2674 1744 2700 4.
1757 2674 1781 2700 5.
1864 2674 1882 2708 i)
1899 2675 2000 2708 siquam

347 2705 510 2736 paragraphi
527 2706 554 2730 in
572 2706 597 2730 B
609 2705 632 2732 2.
730 2707 755 2740 k)
774 2711 839 2735 Cum
858 2711 882 2735 A
897 2711 919 2738 1.
932 2712 956 2738 2.
970 2713 1000 2745 ὃς
1019 2715 1083 2739 Cum
1102 2723 1169 2740 corr.
1188 2723 1219 2740 ex
1237 2716 1304 2740 Tum
1323 2715 1348 2740 B
1360 2715 1385 2742 2.
1483 2715 1502 2749 l)
1521 2720 1546 2742 et
1563 2717 1880 2744 maxime—diviciarum
1898 2718 1997 2744 aciae-
2015 2725 2041 2745 so

348 2750 409 2771 rum
429 2746 451 2770 A
465 2746 490 2772 2.
590 2748 623 2781 m)
642 2750 821 2784 intelliguntur
839 2754 863 2777 A
878 2754 906 2784 1;
926 2759 963 2781 est
982 2757 1177 2790 intelligendum
1196 2757 1221 2782 Β
1235 2756 1259 2783 2.
1366 2757 1392 2791 ῃ)
1410 2759 1592 2785 habundancia
1610 2760 1635 2784 A
1647 2759 1671 2786 3.
1683 2760 1707 2786 4.
1720 2760 1745 2787 5.
1850 2759 1875 2793 ⁰)
1893 2769 1926 2787 ex
1943 2762 1999 2788 istis

349 2797 403 2813 nee.
424 2789 447 2813 A
461 2789 485 2815 4.
582 2791 606 2822 Ρ)
626 2800 713 2817 verum
732 2794 756 2818 A
769 2794 793 2819 4.
805 2794 828 2821 5.
847 2796 872 2820 Β
883 2796 908 2822 2.
1002 2798 1027 2831 q)
1045 2804 1070 2825 et
1088 2800 1113 2825 B
1125 2799 1149 2825 2.
1248 2800 1270 2833 ¹)
1290 2810 1350 2827 vere
1368 2802 1393 2826 A
1406 2802 1428 2828 l.
1442 2802 1466 2828 2.
1479 2802 1503 2828 3.
1518 2802 1545 2833 4;
1565 2811 1655 2829 verum
1673 2812 1728 2830 esse
1746 2803 1772 2828 B
1783 2803 1808 2830 2.
