2184 3126
168 1028 192 1048 1⁵

164 2615 192 2636 ⁴⁶

483 197 581 226 ACTA
599 196 713 225 amem
733 196 919 224 LUDEWICI
937 196 984 224 lv.
1002 195 1049 223 ΕΤ
1068 195 1254 224 mmmmm
1274 196 1324 224 111.
1362 196 1436 224 1828.
1473 196 1521 223 Nr.
1535 196 1594 224 753.
1809 199 1875 230 589

214 286 342 318 nomine
366 284 485 328 prefati
509 284 629 318 domini
653 284 750 317 Oanis
773 286 807 316 et
829 284 1005 324 civitatum,
1028 283 1221 325 comunium‚
1249 286 1407 316 terrarum
1430 286 1464 315 et
1486 283 1630 315 locorum
1654 283 1872 316 subiectorum

214 341 248 370 et
270 337 488 370 subiectarum
512 336 619 369 eidem
643 335 774 369 domino
797 335 878 368 Cani
904 339 938 367 et
960 334 1108 367 dominus
1130 335 1350 367 Bernardinus
1378 334 1420 367 de
1443 334 1614 367 Nuvolono
1639 335 1716 367 civis
1740 335 1874 367 Mantus

213 388 414 430 iurisperitus
436 388 576 420 sindicus
601 390 635 420 et
656 390 847 430 procurator
869 390 903 419 et
925 386 1096 419 sindicario
1124 389 1158 419 et
1180 387 1401 429 procuratorio
1428 387 1557 419 nomine
1586 386 1744 419 dictorum
1769 387 1871 419 domi-

212 450 327 472 norum
350 439 522 482 Raynaldi,
545 439 692 471 Botironi
714 442 748 471 et
770 438 932 471 Francisci
955 438 995 470 de
1019 437 1208 471 Bonacolsis
1231 442 1264 471 et
1286 438 1466 480 civitatum,
1496 439 1690 479 comuninm,
1714 442 1873 471 terrarum

213 493 247 523 et
269 491 414 523 locorum
430 490 647 524 subiectorum
671 494 704 523 et
719 490 936 522 subiectarum
952 489 1075 522 eisdem
1092 489 1229 521 dominis
1245 500 1287 522 ex
1302 500 1366 522 una
1387 494 1479 532 parte
1568 493 1602 522 et
1617 490 1735 532 prefati
1751 489 1873 522 domini

212 543 416 576 marchiones
438 553 497 585 pro
521 552 556 574 se
580 546 614 575 et
635 542 764 574 nominc
789 545 822 574 et
844 542 913 573 vice
929 543 1087 574 terrarum
1111 545 1144 574 et
1159 541 1304 573 locorum
1328 542 1375 574 eis
1398 541 1449 573 vel
1472 541 1566 573 alteri
1589 551 1700 574 eorum
1718 542 1872 584 qualiter-

212 604 350 636 cumque
373 593 574 626 subditarum
599 597 632 626 et
647 593 849 626 subditorum
872 596 905 625 et
920 593 1085 626 hominum
1109 597 1142 625 et
1156 594 1401 626 universitatum
1425 604 1537 625 eorum
1561 596 1595 625 et
1614 592 1763 626 dominus
1779 594 1873 626 Mons

212 645 254 677 de
277 642 407 677 Ducatu
430 645 508 677 civis
529 644 679 677 Ferrarie
706 645 907 687 iurisperitus
929 644 1068 677 sindicus
1091 647 1126 677 et
1147 644 1319 676 sindicario
1342 645 1472 677 nomine
1496 645 1648 686 civitatis,
1673 645 1818 678 comunis
1840 650 1873 678 et

211 697 378 729 hominum
393 696 542 729 Ferrarie
566 707 608 728 ex
631 696 734 729 altera
816 695 1060 736 contraxerunt,
1083 697 1223 729 inierunt
1245 699 1279 729 et
1295 696 1442 729 fecerunt
1464 697 1506 729 ad
1526 697 1663 729 invicem
1679 701 1873 740 perpetuam

213 749 414 790 societatem,
438 747 541 789 fedus,
565 748 664 790 ligam
688 750 722 780 et
743 749 905 781 unionem.

321 811 349 841 3.
381 808 601 840 Promitentes
630 809 749 850 prefati
778 808 898 840 domini
925 818 1033 840 comes
1060 807 1258 848 Fridericus,
1290 808 1492 841 marchiones
1519 809 1672 842 Estenses
1700 813 1733 842 et
1760 809 1873 841 sindici

212 860 360 893 omnibus
383 860 566 892 nominibus
589 860 705 902 quibus
728 871 836 902 supra,
859 859 1078 903 solempnibus
1101 859 1360 902 stipulationibus
1383 859 1457 892 hinc
1479 860 1554 893 inde
1576 860 1872 901 intervenientibus,

212 911 273 944 sibi
295 912 433 944 invicem
457 912 562 944 silicet
589 923 654 944 una
676 922 751 954 pars
774 912 867 944 alteri
894 915 928 945 et
956 912 1060 944 altera
1089 911 1183 944 alteri
1216 922 1251 944 se
1279 911 1321 944 ad
1343 912 1481 944 invicem
1504 913 1630 954 iuvare,
1660 916 1872 945 manutenere

211 966 246 996 et
268 963 445 996 defendere
469 966 581 995 contra
597 973 833 1006 quamcumque
849 973 1021 1006 personam
1044 967 1078 996 et
1092 973 1256 1006 personas,
1281 964 1431 996 comunis
1453 967 1487 996 ct
1505 965 1741 1005 universitates,
1766 965 1872 996 cuius-

211 1026 349 1059 cumque
377 1018 479 1047 status
509 1018 542 1047 et
570 1015 780 1047 condictionis
809 1016 950 1048 existant
977 1026 1035 1048 seu
1068 1015 1259 1056 existerent,
1287 1015 1438 1047 habendo
1466 1017 1588 1048 amicos
1622 1017 1871 1058 uniuscuiusque

210 1068 311 1110 partis
333 1078 392 1110 pro
416 1067 527 1100 amicis
551 1069 585 1099 et
607 1067 752 1099 inimicos
775 1078 834 1109 pro
857 1067 1003 1099 inimicis.
1595 1061 1597 1063 ¹

318 1131 347 1160 4.
371 1128 414 1160 Et
437 1128 523 1171 quod
546 1128 587 1161 de
611 1129 719 1171 aliqua
742 1139 859 1170 guera,
889 1128 982 1171 briga
1009 1127 1061 1161 vel
1088 1127 1262 1168 discordia,
1291 1139 1353 1171 que
1381 1132 1471 1161 mota
1502 1133 1588 1161 esset
1611 1128 1664 1161 vel
1686 1131 1872 1160 moveretur

211 1179 305 1212 dictis
338 1180 484 1222 partibus
517 1179 569 1212 vel
598 1180 692 1213 alteri
727 1190 838 1212 earum
866 1181 919 1213 vel
947 1191 1044 1222 quam
1071 1180 1141 1222 ipse
1168 1182 1278 1222 partes
1307 1179 1359 1212 vel
1393 1180 1496 1214 altera
1530 1191 1642 1213 earum
1676 1179 1751 1212 hinc
1784 1183 1871 1212 retro

209 1232 364 1264 movisset
380 1242 584 1274 quocumque
606 1232 715 1274 modo,
738 1233 790 1264 via
813 1231 865 1264 vel
888 1242 985 1264 causa
1007 1232 1102 1263 simul
1125 1231 1177 1264 vel
1200 1231 1327 1263 divisim
1342 1231 1646 1274 quomodocumque
1669 1235 1703 1264 et
1717 1231 1872 1274 qualiter-

211 1294 349 1326 cumque
372 1283 425 1315 vel
447 1294 545 1326 quam
568 1284 636 1326 ipse
660 1287 770 1326 partes
792 1284 971 1316 comuniter
995 1286 1029 1316 et
1048 1283 1251 1315 concorditer
1265 1285 1435 1316 moverent
1456 1283 1488 1315 in
1511 1283 1664 1323 futurum,
1687 1293 1751 1315 non
1775 1283 1873 1315 faciet

210 1335 319 1378 aliqua
342 1335 485 1378 ipsarum
501 1336 645 1378 parcium
662 1335 731 1367 sine
752 1345 911 1368 consensu
932 1335 1064 1368 alterius
1087 1335 1187 1377 partis
1210 1338 1390 1377 treuguam,
1414 1345 1541 1377 pacem,
1564 1338 1670 1377 pacta,
1693 1335 1790 1366 finem
1814 1345 1872 1367 seu

210 1386 417 1419 concordiam
439 1397 499 1419 nec
522 1386 645 1429 aliquid
667 1387 700 1418 in
722 1386 870 1419 fraudem
894 1397 1016 1429 eorum,
1040 1390 1090 1419 set
1112 1387 1215 1429 ipsam
1238 1396 1373 1429 gueram
1397 1389 1430 1418 et
1451 1397 1584 1429 gueras,
1614 1386 1791 1418 discordias
1814 1397 1871 1419 seu

209 1438 318 1482 brigas
341 1438 425 1471 dicte
448 1442 559 1480 partes
582 1438 677 1470 simul
699 1438 843 1479 viriliter,
867 1442 962 1481 prout
986 1438 1152 1481 expediet,
1176 1442 1421 1480 prosequentur.

317 1502 346 1531 5.
378 1499 420 1531 Et
449 1499 557 1531 omnia
586 1501 620 1531 et
647 1499 774 1541 singula
797 1498 982 1541 supradicta
1009 1499 1225 1540 promiserunt
1251 1497 1368 1540 prefati
1401 1497 1522 1530 domini
1545 1507 1654 1530 comcs
1676 1497 1870 1538 Fridericus,

208 1551 412 1583 marchiones
433 1554 468 1583 et
490 1551 609 1593 prefati
632 1551 746 1583 sindici
768 1554 802 1583 et
824 1553 1050 1593 procuratores
1073 1549 1227 1592 predictis
1249 1549 1431 1582 nominibus
1463 1549 1523 1581 sibi
1546 1549 1700 1590 invicem,
1729 1549 1870 1592 solemp-

208 1602 302 1634 nibus
324 1602 584 1644 stipulationibus
607 1602 681 1634 hinc
704 1602 779 1634 inde
803 1602 1104 1642 intervenientibus,
1132 1605 1290 1645 perpetuo
1313 1602 1448 1634 firmiter
1471 1601 1654 1642 attendere,
1686 1601 1869 1641 observare,

208 1657 418 1686 manutenere
443 1647 477 1686 et
499 1665 562 1686 non
580 1656 691 1686 contra
708 1654 816 1686 facere
839 1654 891 1686 vel
907 1654 1017 1686 venire
1033 1654 1142 1696 aliqua
1158 1654 1283 1685 ratione
1299 1653 1351 1685 vel
1367 1663 1466 1685 causa
1488 1652 1548 1685 sub
1566 1663 1650 1695 pena
1675 1656 1709 1684 et
1730 1653 1763 1684 in
1786 1663 1870 1695 pena

209 1705 323 1738 decem
338 1705 474 1737 millium
491 1705 694 1737 marcharum
710 1706 836 1747 argenti
852 1708 886 1737 et
901 1705 960 1737 sub
977 1705 1175 1747 obligatione
1192 1705 1334 1737 omnium
1350 1715 1479 1736 suorum
1496 1704 1652 1736 bonorum
1669 1705 1870 1746 presencium

209 1761 242 1789 et
264 1757 454 1789 futurorum.
494 1757 565 1794 Que
589 1767 674 1799 pena
698 1758 821 1789 tociens
837 1758 1009 1789 comitatur
1032 1760 1066 1789 et
1088 1757 1156 1799 peti
1179 1760 1213 1789 et
1235 1757 1323 1798 exigi
1346 1757 1447 1798 possit
1469 1767 1542 1788 cum
1565 1755 1694 1795 effectu,
1718 1756 1871 1798 quociens

209 1808 330 1841 factum
357 1808 410 1841 vel
438 1811 568 1841 ventum
600 1809 697 1841 suerit
726 1812 837 1841 contra
866 1808 1014 1851 predicta
1043 1808 1095 1840 vel
1123 1807 1255 1850 aliquod
1283 1808 1512 1850 predictorum.
1564 1807 1702 1850 Sem'per
1731 1808 1809 1839 ratis
1838 1812 1871 1839 et

207 1860 307 1892 firmis
330 1860 533 1893 manentibus
556 1860 704 1892 omnibus
727 1864 760 1893 et
783 1861 916 1902 singulis
939 1859 1131 1903 supradictis
1158 1860 1190 1891 in
1214 1859 1470 1902 quibuscumque
1499 1859 1648 1902 capitulis
1670 1859 1868 1891 eorumdem.

315 1923 344 1953 6.
368 1920 412 1952 Et
434 1931 492 1962 pro
516 1920 664 1952 omnibus
687 1925 720 1953 et
742 1921 876 1963 singulis
899 1920 1092 1962 supradictis
1115 1920 1214 1952 firmis
1237 1919 1394 1952 habendis
1424 1923 1457 1952 et
1477 1923 1636 1962 perpetuo
1660 1919 1869 1951 observandis

207 1971 325 2014 prefati
349 1972 470 2004 domini
494 1982 603 2004 comes
626 1971 823 2013 Frideriem,
853 1972 1056 2004 marchiones
1079 1975 1113 2004 et
1135 1971 1253 2014 prefati
1276 1971 1390 2003 sindici
1413 1974 1446 2003 et
1468 1975 1694 2014 procuratores
1716 1970 1869 2013 predictis

208 2023 388 2056 nominibus
408 2024 502 2056 tactis
522 2024 687 2066 scripturis
703 2023 914 2066 corporaliter
929 2025 1115 2055 iuraverunt
1138 2023 1179 2055 ad
1203 2027 1315 2055 sancta
1330 2022 1393 2055 Dei
1417 2023 1599 2065 euangelia,
1623 2033 1695 2055 sese
1712 2026 1868 2065 perpetuo

207 2078 289 2116 rata,
313 2078 406 2118 grata
429 2079 462 2108 et
484 2075 577 2107 firma
599 2075 731 2118 habere,
756 2079 866 2108 tenere
891 2079 923 2108 et
946 2075 1118 2107 observare
1143 2076 1251 2107 omnia
1275 2078 1308 2107 et
1330 2075 1456 2117 singula
1479 2075 1674 2117 supradicta.

317 2138 346 2168 7.
380 2135 424 2168 Et
456 2137 587 2178 insuper
620 2136 767 2178 promisit
799 2136 944 2178 prefatus
972 2135 1119 2168 dominus
1149 2146 1258 2167 comes
1286 2135 1394 2167 facere
1425 2139 1458 2167 et
1487 2145 1614 2175 curare,
1650 2134 1736 2177 qnod
1765 2134 1869 2166 dictus

208 2187 357 2220 dominus
379 2187 553 2220 Bertoldus
576 2198 686 2220 comes
709 2187 750 2220 de
774 2188 872 2220 Nifen
895 2188 971 2220 huic
994 2188 1171 2220 contractui
1199 2191 1233 2218 et
1261 2187 1410 2219 societati
1437 2197 1530 2218 suum
1557 2186 1698 2228 sigillum
1725 2191 1869 2228 apponet

208 2242 242 2271 et
267 2239 332 2271 suis
362 2239 464 2271 literis
491 2239 628 2282 sigilatis
655 2250 712 2272 suo
741 2239 835 2281 sigilo
870 2239 1049 2281 predictam
1083 2239 1290 2279 societatem,
1326 2241 1524 2270 contractum
1559 2242 1593 2270 et
1625 2239 1868 2270 convectionem

208 2290 417 2332 approbabit,
444 2291 618 2323 ratificabit
646 2295 679 2324 et
701 2291 904 2324 confirmabit
930 2294 964 2324 et
991 2302 1046 2323 eas
1074 2291 1119 2323 sic
1149 2291 1294 2333 sigilatas
1324 2291 1505 2322 cancelario
1533 2290 1610 2322 dicti
1639 2290 1760 2322 domini
1783 2291 1869 2333 regis

209 2341 383 2374 insinuabit
409 2345 443 2374 et
465 2342 674 2384 presentabit.

318 2403 347 2434 8.
370 2401 414 2433 Et
435 2412 494 2444 pro
518 2402 672 2444 predictis
695 2401 900 2435 attendendis
930 2405 964 2434 et
987 2401 1195 2434 observandis
1223 2411 1258 2433 se
1281 2402 1447 2433 asstrinxit
1470 2401 1596 2433 vinculo
1619 2402 1812 2434 sacramenti
1835 2406 1867 2433 et

210 2452 422 2494 corporaliter
444 2454 562 2487 iuravit
578 2455 685 2487 omnia
708 2458 741 2487 et
763 2454 890 2496 singula
906 2453 1076 2486 attendere
1101 2457 1133 2485 et
1155 2453 1290 2485 firmiter
1308 2452 1481 2485 observare
1505 2457 1539 2486 et
1553 2453 1677 2486 attendi
1701 2457 1733 2486 et
1756 2453 1866 2485 obser-

210 2503 278 2535 vari
300 2503 408 2536 facere
432 2507 499 2536 tam
521 2515 580 2547 per
603 2505 723 2538 dictum
748 2505 911 2538 dominum
935 2505 1145 2538 Lodowicum
1167 2505 1387 2537 Romanorum
1410 2515 1521 2547 regem
1544 2515 1641 2548 quam
1665 2515 1724 2548 per
1746 2505 1866 2538 dictum

211 2554 375 2587 dominum
398 2555 611 2588 Bertholdum
645 2556 703 2589 sub
730 2557 795 2589 iam
823 2557 910 2589 dicta
932 2567 1016 2599 pena
1040 2560 1073 2589 et
1096 2556 1304 2599 obligatione,
1333 2557 1412 2589 ratis
1434 2557 1640 2590 manentibus
1663 2557 1811 2590 omnibus
1835 2564 1868 2589 et

211 2605 344 2648 singulis
371 2606 573 2648 supradictis.

318 2661 390 2704 Ego
420 2662 537 2695 Petrus
568 2663 609 2695 de
643 2663 750 2696 Fabro
778 2663 938 2706 imperiali
968 2664 1159 2696 auctoritate
1191 2663 1405 2696 Ferrariensis
1436 2664 1582 2706 publicus
1611 2666 1754 2697 notarius
1784 2665 1866 2696 filius

208 2713 356 2754 magistri
367 2712 606 2746 Merchadantis
623 2714 663 2747 de
676 2719 822 2747 contrata
835 2715 943 2747 Sancti
956 2714 1132 2747 Clementis
1149 2715 1301 2757 predictis
1317 2715 1463 2748 omnibus
1478 2726 1612 2758 presens
1628 2716 1674 2748 fui
1689 2721 1722 2749 et
1735 2722 1867 2758 rogatus

210 2774 274 2796 una
297 2774 369 2796 cum
393 2765 618 2807 suprascriptis
639 2765 779 2798 Forexio
803 2770 837 2798 et
860 2766 1029 2798 Bertarino
1052 2767 1183 2798 notariis
1206 2767 1346 2799 scribere
1370 2768 1508 2810 scripssi.
