2184 3126
316 135 378 166 680
549 130 645 158 ACTA
665 128 777 155 REGNI
797 126 979 154 LUDEWlCl
999 126 1045 153 IV.
1063 126 1111 153 ET
1130 126 1151 152 F
1154 124 1316 152 RIDERICI
1335 125 1386 152 111.
1422 124 1499 151 1324.
1534 123 1584 150 Nr.
1596 123 1656 150 863.
1675 123 1735 150 864.

485 276 674 308 863-866.
710 272 897 305 SCRIPTA
920 270 1009 303 PRO
1033 269 1282 302 WILHELMO
1306 267 1475 302 OOMITE
1498 267 1805 300 HOLLANDIAE.

961 336 1052 367 1324.
1084 334 1179 366 Mart.
1196 334 1311 365 2.—3.

679 451 764 486 863.
806 450 1027 494 Confirmatio
1049 448 1323 494 privileqiorwm.
1428 447 1542 483 Mart.
1562 450 1601 483 2.

425 529 584 570 Originale
606 529 641 560 in
661 528 819 560 tabulario
838 528 921 568 reyio
936 527 1100 558 Montensi
1116 526 1303 558 ‘Tre‘sorerie
1319 525 1373 557 des
1387 524 1527 557 chartes’
1543 535 1594 557 nr.
1607 526 1672 557 365
1688 524 1776 567 (obim
1792 524 1862 558 DD
1877 525 1934 567 36)
1944 526 1966 559 ².

321 582 517 614 Contulimus
538 591 603 612 ηοε.
649 578 793 620 Siyillum
817 578 1025 615 desideratur,
1050 577 1114 609 loro
1138 577 1371 609 membranaceo
1394 575 1510 610 relicto.
1997 589 2018 610 ι

420 641 566 678 Bo‘hmer,
591 639 664 680 Rey.
689 639 801 671 Ludw.
819 649 854 678 p.
871 640 914 670 40
935 649 986 671 nr.
1003 639 1075 670 696.

419 734 657 776 {Luffidowicus
691 733 753 765 Dei
786 734 894 775 gracia
928 733 1148 764 Romanorum
1183 741 1241 763 rex
1276 741 1406 773 semper
1439 735 1593 774 augustus
1703 732 1852 765 omnibus
1886 733 1968 765 sacri

313 787 438 829 imperii
461 786 608 818 fidelibus
630 788 797 827 presentes
819 785 943 816 litteras
966 784 1155 826 inspecturis
1257 783 1402 825 graciam
1426 793 1517 815 suam
1542 787 1575 816 et
1598 794 1693 816 omne
1718 784 1848 816 bonum.

420 838 472 870 Ad
506 838 567 869 hoc
601 847 709 868 sumus
735 837 767 868 in
797 836 877 868 solio
905 836 994 878 regie
1025 836 1188 877 dignitatis
1217 835 1380 867 constituti
1409 834 1575 876 divinitus,
1604 838 1640 868 ut
1667 837 1789 868 cunctis
1816 836 1967 868 fidelibus

312 891 439 932 imperii
475 889 517 921 ad
555 891 762 930 augmentum
796 888 924 919 honoris
956 888 1005 919 sui
1038 887 1156 929 regalis
1185 886 1428 928 magnificencie
1465 887 1728 920 benevolenciam
1762 888 1965 930 prebeamus.
1986 897 2021 917 ιι)ρ

313 941 403 973 Tunc
437 951 564 983 quoque
599 940 768 972 salubriter
801 939 965 981 presidere
1004 938 1173 976 credimus,
1209 938 1285 970 dum
1316 938 1402 980 quod
1430 938 1601 971 honestum
1633 943 1667 972 et
1695 940 1814 972 iustum
1845 940 1966 981 existit,

313 993 467 1035 largimur
498 992 680 1034 petentibus
708 995 741 1023 et
768 1001 911 1032 quosque
941 991 973 1021 in
1006 991 1070 1021 suis
1099 990 1220 1021 iuribus
1252 990 1474 1023 favorabiliter
1510 1001 1748 1023 conservamus.
1809 991 1968 1024 Noverint

312 1045 408 1086 igitur
440 1044 593 1084 universi,
627 1043 713 1085 quod
747 1053 804 1073 nos
837 1042 1045 1074 devocionem
1080 1043 1236 1073 sinceram
1271 1041 1456 1083 spectabilis
1487 1043 1547 1074 viri
1580 1042 1750 1075 Wilhelmi
1782 1042 1967 1084 Hannonie,

312 1094 485 1127 Hollandie
509 1098 541 1126 et
564 1094 715 1126 Selandie
739 1094 864 1125 comitis
887 1104 1011 1125 necnon
1035 1093 1155 1125 domini
1176 1093 1294 1134 Frisie,
1322 1093 1399 1125 fidei
1429 1104 1558 1136 quoque
1584 1095 1773 1136 puritatem,
1801 1104 1866 1136 qua
1889 1103 1967 1136 erga

314 1158 371 1179 nos
394 1150 427 1178 et
449 1157 573 1178 sacrum
589 1143 770 1178 Romanum
794 1146 964 1187 imperium
980 1145 1128 1185 afficitur,
1151 1145 1328 1187 graciosius
1344 1145 1516 1187 intuentes,
1540 1147 1606 1177 suis
1621 1147 1736 1178 votivis
1752 1145 1968 1188 peticionibus
1986 1155 2020 1175 is-

314 1198 455 1230 inclinati
478 1198 584 1229 omnia
607 1201 640 1229 et
662 1197 787 1238 singula
810 1197 988 1239 privilegia,
1016 1197 1193 1238 libertates,
1222 1197 1445 1229 concessiones
1473 1201 1506 1229 et
1528 1197 1597 1230 iura
1619 1197 1880 1240 progenitoribus
1903 1198 1968 1229 suis

314 1253 368 1281 aut
391 1249 450 1281 sibi
473 1260 492 1280 a
515 1249 607 1280 nobis
623 1249 675 1280 vel
698 1248 739 1280 ab
763 1249 833 1280 aliis
848 1248 1069 1280 Romanorum
1089 1248 1338 1290 imperatoribus
1354 1259 1391 1280 ac
1408 1248 1538 1291 regibus
1553 1250 1670 1281 nostris
1685 1248 1968 1292 predecessoribus

312 1302 428 1333 inclitis
450 1304 606 1342 perpetuo
630 1300 747 1332 tradita
764 1303 797 1332 et
812 1310 963 1332 concessa
979 1311 1020 1332 ex
1036 1304 1124 1332 certa
1147 1300 1285 1332 sciencia
1307 1301 1496 1332 innovamus
1519 1304 1552 1333 et
1566 1301 1719 1333 innovata
1733 1301 1968 1342 confirmamus,

314 1353 530 1395 approbamus
552 1356 584 1384 et
606 1352 763 1393 presentis
786 1352 894 1394 scripti
918 1353 1098 1393 patrocinio
1122 1352 1354 1384 conmunimus.
1435 1352 1522 1384 Nulli
1547 1363 1625 1395 ergo
1649 1353 1778 1385 omnino
1801 1351 1967 1384 hominum

313 1405 408 1437 liceat
430 1405 511 1436 hanc
534 1408 642 1435 nostre
665 1404 882 1435 innovacionis
906 1407 939 1436 et
962 1404 1215 1436 confirmacionis
1238 1404 1391 1446 paginam
1414 1405 1591 1447 infringere
1613 1404 1665 1436 vel
1682 1404 1789 1436 eidem
1810 1405 1843 1436 in
1858 1404 1967 1446 aliquo
1986 1411 2023 1432 w

314 1457 480 1489 contraire.
516 1456 609 1494 Quod
633 1456 816 1498 qui'facere
833 1457 1074 1498 presumpserit,
1098 1466 1230 1498 gravem
1246 1459 1354 1488 nostre
1371 1456 1604 1498 indignacionis
1620 1455 1775 1488 offensam
1792 1466 1827 1488 se
1842 1456 1969 1488 noverit

313 1510 518 1540 incursurum.
609 1508 646 1538 In
669 1508 758 1539 cuius
781 1508 827 1539 rei
850 1508 1068 1539 testimonium
1091 1519 1128 1540 ac
1152 1512 1343 1550 perpetuam
1367 1508 1491 1540 roboris
1509 1507 1695 1539 firmitatem
1711 1517 1844 1549 presens
1867 1508 1967 1550 scrip-

313 1564 380 1592 tum
403 1560 558 1592 conscribi
582 1563 614 1591 et
636 1560 740 1601 sigillo
765 1559 943 1591 maiestatis
966 1563 1074 1591 nostre
1097 1560 1246 1591 iussimus
1268 1560 1455 1591 conmuniri.

419 1620 494 1651 Dat.
518 1621 549 1651 in
573 1619 716 1660 Colonia,
740 1620 798 1651 VI.
815 1619 926 1652 Nonas
947 1620 1071 1661 Marcii,
1095 1631 1179 1652 anno
1202 1612 1530 1653 Domini'millesimo
1561 1620 1787 1652 trecentesimo
1814 1619 1967 1652 vicesimo

314 1674 436 1714 quarto,
460 1672 550 1713 regni
574 1682 648 1703 vero
673 1672 771 1703 nostri
796 1682 878 1703 anno
903 1672 1039 1705 decimo.
1985 1677 2021 1698 ¹⁸*-

455 1812 541 1848 864.
584 1812 783 1848 Commissio
809 1813 1044 1858 inquisitionis
1071 1813 1220 1849 limitum
1247 1813 1387 1859 imperii
1413 1814 1548 1849 iterata.
1654 1812 1766 1849 Mart.
1786 1815 1824 1848 2.

424 1895 470 1936 Cf.
494 1905 594 1934 supra
615 1905 665 1926 nr.
682 1895 754 1926 137.

424 1954 585 1994 Oriyinale
614 1954 808 1995 deperditum
816 1954 838 1986 ².
898 1955 997 1996 Copia
1023 1958 1033 1986 1
1071 1956 1107 1987 in
1139 1956 1324 1988 Gartulario
1352 1955 1563 1997 Haynonensi
1584 1955 1634 1987 II.
1665 1965 1715 1987 nr.
1737 1956 1779 1986 98
1812 1954 1968 1988 tabularii

314 2006 500 2043 Insulensis,
535 2007 554 2036 2
591 2005 704 2037 ibidem
737 2016 787 2037 nr.
811 2006 862 2036 51.
923 2006 1123 2039 Oontulimus
1155 2017 1222 2039 nos.
1279 2007 1342 2039 Est
1370 2007 1504 2039 rubrum
1537 2007 1574 2039 in
1600 2010 1630 2039 1:
1669 2006 1755 2039 Item
1781 2017 1845 2039 une
1873 2009 1966 2039 autre

315 2058 532 2089 commissions
555 2056 641 2088 don—n
678 2057 742 2088 dou
758 2081 765 2088 .
783 2081 790 2089 .
811 2068 868 2099 roy
885 2058 1099 2100 d'Alemagne
1120 2069 1202 2100 pour
1218 2058 1466 2092 chierkemaner
1489 2062 1580 2091 entre
1603 2059 1634 2091 le
1658 2061 1768 2091 contet
1791 2058 1831 2091 de
1846 2058 1968 2102 Hayffi
1985 2070 2024 2092 ιο·

317 2112 349 2141 et
370 2109 401 2140 le
424 2112 530 2140 contet
559 2109 598 2140 de
623 2107 751 2140 Oambr.
777 2112 810 2141 et
836 2120 918 2151 pour
944 2109 975 2142 le
1004 2114 1088 2142 terre
1112 2110 1329 2143 d’Ostrevant.
1364 2129 1402 2135 —
1432 2110 1495 2143 Ed.
1519 2109 1677 2143 Devillers
1707 2109 1770 2142 loco
1800 2121 1901 2151 supra
1923 2111 1969 2143 ad

317 2170 365 2191 ur.
384 2160 445 2190 131
468 2159 562 2191 citato
585 2160 655 2198 III,
679 2160 742 2191 154
764 2170 815 2193 nr.
831 2161 895 2191 193
917 2171 956 2193 ex
983 2165 1008 2193 1.

422 2218 558 2250 Βὸιινηεν
580 2219 654 2260 Req.
678 2220 788 2253 Ludw.
808 2232 842 2261 p.
861 2223 922 2254 274
945 2233 994 2254 nr.
1011 2223 1096 2254 2675
1119 2223 1246 2264 (Addit.
1262 2224 1306 2261 1).

423 2313 509 2346 Nosa
525 2314 706 2346 Ludovicus
727 2315 811 2347 Deib
827 2317 932 2357 gratia
947 2316 1166 2349 Romanorum
1190 2328 1248 2350 rex
1271 2328 1401 2360 semper
1423 2318 1599 2360 augustusb
1614 2318 1744 2360 publice
1767 2318 1966 2360 profitemur,

319 2365 405 2407 quod
431 2376 488 2396 nos
510 2366 676 2406 spectabili
698 2367 765 2398 viro
789 2367 955 2400 Willelmo
978 2368 1232 2411 Haynn(onie)⁰,
1261 2369 1458 2402 Hollandied
1482 2372 1515 2402 et
1543 2370 1719 2402 Zeelandie
1751 2370 1862 2402 comiti
1888 2380 1965 2402 nec·
1985 2379 2023 2399 δι’

318 2429 379 2449 non
404 2417 531 2449 domino
554 2418 673 2449 Frizie‘³
696 2430 753 2460 pro
785 2420 877 2451 nobis
905 2425 938 2453 et
966 2432 1056 2453 sacro
1080 2423 1216 2464 imperio
1240 2422 1354 2454 damus
1384 2426 1418 2454 et
1449 2422 1655 2455 concedimus
1686 2421 1821 2454 liberam
1851 2425 1965 2454 tenore

319 2469 513 2510 presentium
536 2471 744 2510 potestatem,
776 2472 862 2512 quod
890 2473 958 2514 ipse
988 2483 1047 2514 per
1075 2483 1109 2505 se
1136 2474 1189 2505 vel
1218 2473 1313 2514 alios,
1346 2485 1426 2516 quos
1454 2475 1524 2516 ipse
1547 2474 1766 2514 constituerit,
1798 2484 1863 2506 una
1891 2483 1964 2505 cum

320 2519 430 2551 clectis
463 2530 519 2550 scu
553 2521 728 2552 constitutis
764 2532 805 2553 ex
838 2527 929 2564 parte
963 2524 1095 2556 illustris
1125 2525 1237 2557 Karoli
1266 2526 1464 2558 Francorum
1498 2527 1585 2568 regis
1618 2526 1720 2568 possit
1752 2526 1785 2557 in
1819 2524 1967 2557 omnibus

422 2621 486 2648 884.
514 2622 537 2654 ¹³)
557 2641 562 2647 .
577 2642 583 2648 .
602 2623 662 2649 add.
683 2623 705 2649 l.
808 2625 833 2657 b)
853 2627 907 2652 loco
925 2628 973 2653 Dei
984 2632 1155 2661 -augustus
1172 2629 1203 2654 2:
1223 2633 1271 2655 etc.
1379 2629 1402 2664 0)
1421 2631 1519 2656 Hanofi
1537 2638 1637 2663 semper
1654 2629 1679 2655 2.
1784 2628 1810 2661 d)
1830 2629 1885 2655 loco
1903 2629 1966 2655 Hol-

319 2666 405 2691 landie
423 2669 449 2691 et
466 2665 533 2691 Zeel.
554 2664 583 2690 1:
603 2669 650 2691 etc.
738 2667 759 2699 ς3)
778 2676 876 2693 necnon
894 2670 959 2696 dom.
974 2671 1057 2697 Frizie
1075 2672 1126 2697 dec.
1147 2671 1170 2697 1.
1983 2673 2023 2693 ⁴⁰*

423 2741 449 2773 1)
469 2740 512 2774 Cf.
530 2740 728 2768 saint-Genois
747 2742 801 2768 loco
818 2751 900 2776 supra
918 2745 955 2771 acl
973 2753 1015 2773 nr.
1030 2750 1074 2773 105
1091 2747 1170 2773 citato
1183 2747 1209 2780 Ι,
1223 2752 1278 2775 417.
1358 2749 1387 2783 2)
1407 2749 1492 2783 Apud
1506 2749 1698 2778 Saint-Genois
1711 2756 1768 2775 mm
1782 2749 1964 2775 enumeratur.
