<?xml version="1.0" encoding="UTF-8"?>
<!DOCTYPE html PUBLIC "-//W3C//DTD XHTML 1.0 Transitional//EN"
    "http://www.w3.org/TR/xhtml1/DTD/xhtml1-transitional.dtd">
<html xmlns="http://www.w3.org/1999/xhtml" xml:lang="en" lang="en">
 <head>
  <title>
</title>
<meta http-equiv="Content-Type" content="text/html;charset=utf-8" />
  <meta name='ocr-system' content='tesseract 3.04.00' />
  <meta name='ocr-capabilities' content='ocr_page ocr_carea ocr_par ocr_line ocrx_word'/>
</head>
<body>
  <div class='ocr_page' id='page_1' title='image "./monumentagerma05geseuoft_0771.png"; bbox 0 0 2184 3126; ppageno 0'>
   <div class='ocr_carea' id='block_1_1' title="bbox 477 217 1846 252">
    <p class='ocr_par' dir='ltr' id='par_1_1' title="bbox 477 217 1846 252">
     <span class='ocr_line' id='line_1_1' title="bbox 477 217 1846 252; baseline 0 -5"><span class='ocrx_word' id='word_1_1' title='bbox 477 218 573 248; x_wconf 73' lang='lat' dir='ltr'><strong>ACTA</strong></span> <span class='ocrx_word' id='word_1_2' title='bbox 591 217 706 247; x_wconf 75' lang='lat' dir='ltr'>REGNI</span> <span class='ocrx_word' id='word_1_3' title='bbox 725 219 907 247; x_wconf 78' lang='lat' dir='ltr'>LUDEWICI</span> <span class='ocrx_word' id='word_1_4' title='bbox 928 218 975 247; x_wconf 87' lang='lat' dir='ltr'>IV.</span> <span class='ocrx_word' id='word_1_5' title='bbox 993 219 1040 247; x_wconf 75' lang='lat' dir='ltr'>ET</span> <span class='ocrx_word' id='word_1_6' title='bbox 1059 218 1243 246; x_wconf 73' lang='lat' dir='ltr'>Fssmssmcl</span> <span class='ocrx_word' id='word_1_7' title='bbox 1262 218 1312 247; x_wconf 86' lang='lat'>111.</span> <span class='ocrx_word' id='word_1_8' title='bbox 1349 219 1424 246; x_wconf 78' lang='lat'>1324.</span> <span class='ocrx_word' id='word_1_9' title='bbox 1461 218 1509 246; x_wconf 83' lang='lat' dir='ltr'>Nr.</span> <span class='ocrx_word' id='word_1_10' title='bbox 1521 219 1582 247; x_wconf 79' lang='lat'>909.</span> <span class='ocrx_word' id='word_1_11' title='bbox 1790 223 1846 252; x_wconf 77' lang='grc'>731</span> 
     </span>
    </p>
   </div>
   <div class='ocr_carea' id='block_1_2' title="bbox 151 304 1854 2358">
    <p class='ocr_par' dir='ltr' id='par_1_2' title="bbox 197 304 1853 504">
     <span class='ocr_line' id='line_1_2' title="bbox 307 304 1852 348; baseline -0.001 -9"><span class='ocrx_word' id='word_1_12' title='bbox 307 310 358 339; x_wconf 89' lang='grc'>20.</span> <span class='ocrx_word' id='word_1_13' title='bbox 381 312 392 327; x_wconf 88' lang='grc'><em>·</em></span> <span class='ocrx_word' id='word_1_14' title='bbox 412 306 496 339; x_wconf 89' lang='lat' dir='ltr'>Item</span> <span class='ocrx_word' id='word_1_15' title='bbox 518 306 793 339; x_wconf 72' lang='lat' dir='ltr'>manifestissime²</span> <span class='ocrx_word' id='word_1_16' title='bbox 807 309 912 348; x_wconf 86' lang='lat' dir='ltr'>patet,</span> <span class='ocrx_word' id='word_1_17' title='bbox 937 306 1023 348; x_wconf 90' lang='lat' dir='ltr'>quod</span> <span class='ocrx_word' id='word_1_18' title='bbox 1046 315 1082 338; x_wconf 85' lang='lat' dir='ltr'>se</span> <span class='ocrx_word' id='word_1_19' title='bbox 1104 315 1196 338; x_wconf 84' lang='lat' dir='ltr'>sacro</span> <span class='ocrx_word' id='word_1_20' title='bbox 1218 305 1356 348; x_wconf 88' lang='lat' dir='ltr'>imperio</span> <span class='ocrx_word' id='word_1_21' title='bbox 1379 308 1412 338; x_wconf 90' lang='lat' dir='ltr'>et</span> <span class='ocrx_word' id='word_1_22' title='bbox 1435 304 1529 337; x_wconf 90' lang='lat' dir='ltr'>nobis</span> <span class='ocrx_word' id='word_1_23' title='bbox 1553 306 1640 347; x_wconf 85' lang='lat' dir='ltr'>prius</span> <span class='ocrx_word' id='word_1_24' title='bbox 1664 305 1852 338; x_wconf 84' lang='lat' dir='ltr'>inimicum¹¹</span> 
     </span>
     <span class='ocr_line' id='line_1_3' title="bbox 197 356 1853 400; baseline -0.002 -9"><span class='ocrx_word' id='word_1_25' title='bbox 197 358 362 391; x_wconf 88' lang='lat' dir='ltr'>constituit</span> <span class='ocrx_word' id='word_1_26' title='bbox 384 358 587 400; x_wconf 78' lang='lat' dir='ltr'>capitalem&#39;,</span> <span class='ocrx_word' id='word_1_27' title='bbox 610 368 668 390; x_wconf 83' lang='lat' dir='ltr'>nos</span> <span class='ocrx_word' id='word_1_28' title='bbox 690 361 723 390; x_wconf 90' lang='lat' dir='ltr'>et</span> <span class='ocrx_word' id='word_1_29' title='bbox 746 357 881 390; x_wconf 87' lang='lat' dir='ltr'>devotos</span> <span class='ocrx_word' id='word_1_30' title='bbox 903 357 985 389; x_wconf 90' lang='lat' dir='ltr'>sacri</span> <span class='ocrx_word' id='word_1_31' title='bbox 1008 357 1135 399; x_wconf 87' lang='lat' dir='ltr'>imperii</span> <span class='ocrx_word' id='word_1_32' title='bbox 1157 356 1320 389; x_wconf 73' lang='lat' dir='ltr'>ubilibetW</span> <span class='ocrx_word' id='word_1_33' title='bbox 1344 356 1569 399; x_wconf 84' lang='lat' dir='ltr'>persequendo</span> <span class='ocrx_word' id='word_1_34' title='bbox 1596 359 1630 388; x_wconf 89' lang='lat' dir='ltr'>et</span> <span class='ocrx_word' id='word_1_35' title='bbox 1656 356 1796 389; x_wconf 73' lang='lat' dir='ltr'>rebelles</span> <span class='ocrx_word' id='word_1_36' title='bbox 1820 361 1853 389; x_wconf 88' lang='lat' dir='ltr'>et</span> 
     </span>
     <span class='ocr_line' id='line_1_4' title="bbox 197 408 1852 452; baseline -0.001 -10"><span class='ocrx_word' id='word_1_37' title='bbox 197 411 307 443; x_wconf 88' lang='lat' dir='ltr'>hostes</span> <span class='ocrx_word' id='word_1_38' title='bbox 322 410 449 452; x_wconf 88' lang='lat' dir='ltr'>imperii</span> <span class='ocrx_word' id='word_1_39' title='bbox 471 409 628 442; x_wconf 69' lang='lat' dir='ltr'>ubilibet*</span> <span class='ocrx_word' id='word_1_40' title='bbox 649 409 813 441; x_wconf 73' lang='lat' dir='ltr'>loeommr</span> <span class='ocrx_word' id='word_1_41' title='bbox 836 408 964 451; x_wconf 86' lang='lat' dir='ltr'>publice</span> <span class='ocrx_word' id='word_1_42' title='bbox 987 412 1020 441; x_wconf 90' lang='lat' dir='ltr'>et</span> <span class='ocrx_word' id='word_1_43' title='bbox 1042 409 1167 441; x_wconf 84' lang='lat' dir='ltr'>notorie</span> <span class='ocrx_word' id='word_1_44' title='bbox 1191 408 1423 449; x_wconf 79' lang='lat' dir='ltr'>confovendo¹,</span> <span class='ocrx_word' id='word_1_45' title='bbox 1446 409 1647 440; x_wconf 88' lang='lat' dir='ltr'>inimicorum</span> <span class='ocrx_word' id='word_1_46' title='bbox 1670 413 1852 441; x_wconf 87' lang='lat' dir='ltr'>nostrorum</span> 
     </span>
     <span class='ocr_line' id='line_1_5' title="bbox 199 459 1852 504; baseline -0.001 -10"><span class='ocrx_word' id='word_1_47' title='bbox 199 466 231 494; x_wconf 86' lang='lat' dir='ltr'>et</span> <span class='ocrx_word' id='word_1_48' title='bbox 254 462 336 494; x_wconf 84' lang='lat' dir='ltr'>sacri</span> <span class='ocrx_word' id='word_1_49' title='bbox 357 461 486 504; x_wconf 91' lang='lat' dir='ltr'>imperii</span> <span class='ocrx_word' id='word_1_50' title='bbox 508 461 656 493; x_wconf 85' lang='lat' dir='ltr'>continue</span> <span class='ocrx_word' id='word_1_51' title='bbox 680 460 800 493; x_wconf 84' lang='lat' dir='ltr'>utendo</span> <span class='ocrx_word' id='word_1_52' title='bbox 824 460 977 500; x_wconf 82' lang='lat' dir='ltr'>consiliis,</span> <span class='ocrx_word' id='word_1_53' title='bbox 1001 460 1100 492; x_wconf 91' lang='lat' dir='ltr'>immo</span> <span class='ocrx_word' id='word_1_54' title='bbox 1122 470 1157 492; x_wconf 88' lang='lat' dir='ltr'>se</span> <span class='ocrx_word' id='word_1_55' title='bbox 1180 460 1284 502; x_wconf 85' lang='lat' dir='ltr'>ipsum</span> <span class='ocrx_word' id='word_1_56' title='bbox 1308 463 1342 492; x_wconf 90' lang='lat' dir='ltr'>et</span> <span class='ocrx_word' id='word_1_57' title='bbox 1363 463 1455 492; x_wconf 86' lang='lat' dir='ltr'>actus</span> <span class='ocrx_word' id='word_1_58' title='bbox 1477 469 1552 492; x_wconf 82' lang='lat' dir='ltr'>suos</span> <span class='ocrx_word' id='word_1_59' title='bbox 1575 463 1609 492; x_wconf 91' lang='lat' dir='ltr'>et</span> <span class='ocrx_word' id='word_1_60' title='bbox 1630 465 1752 502; x_wconf 85' lang='lat' dir='ltr'>opera·</span> <span class='ocrx_word' id='word_1_61' title='bbox 1774 459 1852 492; x_wconf 90' lang='lat' dir='ltr'>diri-</span> 
     </span>
    </p>

    <p class='ocr_par' dir='ltr' id='par_1_3' title="bbox 166 510 1852 648">
     <span class='ocr_line' id='line_1_6' title="bbox 166 510 1852 555; baseline -0.001 -11"><span class='ocrx_word' id='word_1_62' title='bbox 166 525 178 544; x_wconf 72' lang='lat' dir='ltr'>s</span> <span class='ocrx_word' id='word_1_63' title='bbox 199 513 304 555; x_wconf 86' lang='lat' dir='ltr'>gendo</span> <span class='ocrx_word' id='word_1_64' title='bbox 327 514 360 545; x_wconf 92' lang='lat' dir='ltr'>in</span> <span class='ocrx_word' id='word_1_65' title='bbox 383 511 531 545; x_wconf 87' lang='lat' dir='ltr'>omnibus</span> <span class='ocrx_word' id='word_1_66' title='bbox 553 515 587 544; x_wconf 89' lang='lat' dir='ltr'>et</span> <span class='ocrx_word' id='word_1_67' title='bbox 609 522 668 554; x_wconf 88' lang='lat' dir='ltr'>per</span> <span class='ocrx_word' id='word_1_68' title='bbox 689 512 796 544; x_wconf 90' lang='lat' dir='ltr'>omnia</span> <span class='ocrx_word' id='word_1_69' title='bbox 819 511 959 544; x_wconf 90' lang='lat' dir='ltr'>consiliis</span> <span class='ocrx_word' id='word_1_70' title='bbox 982 511 1168 544; x_wconf 88' lang='lat' dir='ltr'>eorundem.</span> <span class='ocrx_word' id='word_1_71' title='bbox 1214 510 1257 543; x_wconf 77' lang='lat' dir='ltr'>Et</span> <span class='ocrx_word' id='word_1_72' title='bbox 1283 514 1358 553; x_wconf 90' lang='lat' dir='ltr'>post</span> <span class='ocrx_word' id='word_1_73' title='bbox 1384 511 1445 543; x_wconf 90' lang='lat' dir='ltr'>hec</span> <span class='ocrx_word' id='word_1_74' title='bbox 1476 511 1615 543; x_wconf 88' lang='lat' dir='ltr'>iudicem</span> <span class='ocrx_word' id='word_1_75' title='bbox 1643 514 1788 543; x_wconf 86' lang='lat' dir='ltr'>nostrum</span> <span class='ocrx_word' id='word_1_76' title='bbox 1817 522 1852 543; x_wconf 85' lang='lat' dir='ltr'>se</span> 
     </span>
     <span class='ocr_line' id='line_1_7' title="bbox 199 562 1852 606; baseline -0.002 -9"><span class='ocrx_word' id='word_1_77' title='bbox 199 565 393 597; x_wconf 87' lang='lat' dir='ltr'>constituere</span> <span class='ocrx_word' id='word_1_78' title='bbox 415 564 527 596; x_wconf 88' lang='lat' dir='ltr'>nititur</span> <span class='ocrx_word' id='word_1_79' title='bbox 549 567 660 596; x_wconf 87' lang='lat' dir='ltr'>contra</span> <span class='ocrx_word' id='word_1_80' title='bbox 683 564 832 606; x_wconf 85' lang='lat' dir='ltr'>antiquos</span> <span class='ocrx_word' id='word_1_81' title='bbox 855 573 996 596; x_wconf 85' lang='lat' dir='ltr'>canones</span> <span class='ocrx_word' id='word_1_82' title='bbox 1018 562 1239 602; x_wconf 80' lang='lat' dir='ltr'>decernentes,</span> <span class='ocrx_word' id='word_1_83' title='bbox 1263 562 1350 605; x_wconf 87' lang='lat' dir='ltr'>quod</span> <span class='ocrx_word' id='word_1_84' title='bbox 1373 563 1513 605; x_wconf 87' lang='lat' dir='ltr'>suspecti</span> <span class='ocrx_word' id='word_1_85' title='bbox 1539 566 1572 595; x_wconf 90' lang='lat' dir='ltr'>et</span> <span class='ocrx_word' id='word_1_86' title='bbox 1594 563 1713 595; x_wconf 90' lang='lat' dir='ltr'>inimici</span> <span class='ocrx_word' id='word_1_87' title='bbox 1730 563 1852 595; x_wconf 79' lang='lat' dir='ltr'>iudices</span> 
     </span>
     <span class='ocr_line' id='line_1_8' title="bbox 199 615 510 648; baseline -0.003 0"><span class='ocrx_word' id='word_1_88' title='bbox 199 626 271 648; x_wconf 88' lang='lat' dir='ltr'>esse</span> <span class='ocrx_word' id='word_1_89' title='bbox 293 626 357 648; x_wconf 91' lang='lat' dir='ltr'>non</span> <span class='ocrx_word' id='word_1_90' title='bbox 380 615 510 648; x_wconf 88' lang='lat' dir='ltr'>debent.</span> 
     </span>
    </p>

    <p class='ocr_par' dir='ltr' id='par_1_4' title="bbox 197 666 1851 760">
     <span class='ocr_line' id='line_1_9' title="bbox 306 666 1851 708; baseline -0.001 -9"><span class='ocrx_word' id='word_1_91' title='bbox 306 669 356 699; x_wconf 83' lang='lat'>21.</span> <span class='ocrx_word' id='word_1_92' title='bbox 381 666 561 699; x_wconf 71' lang='lat' dir='ltr'>&#39;‘Preterea</span> <span class='ocrx_word' id='word_1_93' title='bbox 583 677 656 698; x_wconf 91' lang='lat' dir='ltr'>cum</span> <span class='ocrx_word' id='word_1_94' title='bbox 672 670 798 699; x_wconf 87' lang='lat' dir='ltr'>constet</span> <span class='ocrx_word' id='word_1_95' title='bbox 820 670 853 700; x_wconf 90' lang='lat' dir='ltr'>et</span> <span class='ocrx_word' id='word_1_96' title='bbox 874 666 1035 699; x_wconf 87' lang='lat' dir='ltr'>notorium</span> <span class='ocrx_word' id='word_1_97' title='bbox 1056 667 1107 705; x_wconf 85' lang='lat' dir='ltr'>sit,</span> <span class='ocrx_word' id='word_1_98' title='bbox 1131 676 1242 698; x_wconf 84' lang='lat' dir='ltr'>omnes</span> <span class='ocrx_word' id='word_1_99' title='bbox 1265 676 1359 708; x_wconf 76' lang='lat' dir='ltr'>reges</span> <span class='ocrx_word' id='word_1_100' title='bbox 1374 666 1592 699; x_wconf 87' lang='lat' dir='ltr'>Romanorum</span> <span class='ocrx_word' id='word_1_101' title='bbox 1611 666 1733 699; x_wconf 89' lang='lat' dir='ltr'>electos</span> <span class='ocrx_word' id='word_1_102' title='bbox 1748 667 1851 699; x_wconf 88' lang='lat' dir='ltr'>eciam</span> 
     </span>
     <span class='ocr_line' id='line_1_10' title="bbox 197 717 1851 760; baseline 0 -10"><span class='ocrx_word' id='word_1_103' title='bbox 197 719 229 750; x_wconf 92' lang='lat' dir='ltr'>in</span> <span class='ocrx_word' id='word_1_104' title='bbox 253 717 430 759; x_wconf 75' lang='lat' dir='ltr'><strong>discordia,</strong></span> <span class='ocrx_word' id='word_1_105' title='bbox 457 718 534 750; x_wconf 86' lang='lat' dir='ltr'>licet</span> <span class='ocrx_word' id='word_1_106' title='bbox 560 717 677 750; x_wconf 79' lang='lat' dir='ltr'>electio</span> <span class='ocrx_word' id='word_1_107' title='bbox 701 721 809 750; x_wconf 86' lang='lat' dir='ltr'>nostra</span> <span class='ocrx_word' id='word_1_108' title='bbox 832 717 944 750; x_wconf 83' lang='lat' dir='ltr'>haberi</span> <span class='ocrx_word' id='word_1_109' title='bbox 967 717 1086 750; x_wconf 86' lang='lat' dir='ltr'>debeat</span> <span class='ocrx_word' id='word_1_110' title='bbox 1108 717 1236 750; x_wconf 89' lang='lat' dir='ltr'>omnino</span> <span class='ocrx_word' id='word_1_111' title='bbox 1265 727 1306 749; x_wconf 87' lang='lat' dir='ltr'>ex</span> <span class='ocrx_word' id='word_1_112' title='bbox 1337 718 1442 750; x_wconf 81' lang='lat' dir='ltr'>causis</span> <span class='ocrx_word' id='word_1_113' title='bbox 1465 717 1670 750; x_wconf 86' lang='lat' dir='ltr'>evidentibus</span> <span class='ocrx_word' id='word_1_114' title='bbox 1693 728 1751 760; x_wconf 90' lang='lat' dir='ltr'>pro</span> <span class='ocrx_word' id='word_1_115' title='bbox 1775 728 1851 750; x_wconf 91' lang='lat' dir='ltr'>con-</span> 
     </span>
    </p>

    <p class='ocr_par' dir='ltr' id='par_1_5' title="bbox 153 768 1853 1070">
     <span class='ocr_line' id='line_1_11' title="bbox 153 768 1852 812; baseline 0.001 -12"><span class='ocrx_word' id='word_1_116' title='bbox 153 781 179 800; x_wconf 81' lang='grc' dir='ltr'>ιο</span> <span class='ocrx_word' id='word_1_117' title='bbox 198 769 301 811; x_wconf 82' lang='lat' dir='ltr'>cordi,</span> <span class='ocrx_word' id='word_1_118' title='bbox 325 772 438 812; x_wconf 76' lang='lat' dir='ltr'>prout⁰</span> <span class='ocrx_word' id='word_1_119' title='bbox 456 771 606 812; x_wconf 76' lang='lat' dir='ltr'>superius</span> <span class='ocrx_word' id='word_1_120' title='bbox 629 774 678 802; x_wconf 84' lang='lat' dir='ltr'>est</span> <span class='ocrx_word' id='word_1_121' title='bbox 700 773 878 811; x_wconf 86' lang='lat' dir='ltr'>narratum,</span> <span class='ocrx_word' id='word_1_122' title='bbox 901 772 934 802; x_wconf 84' lang='lat' dir='ltr'>et</span> <span class='ocrx_word' id='word_1_123' title='bbox 956 772 1023 802; x_wconf 84' lang='lat' dir='ltr'>tam</span> <span class='ocrx_word' id='word_1_124' title='bbox 1045 769 1229 802; x_wconf 76' lang='lat' dir='ltr'>Lottarius‘¹</span> <span class='ocrx_word' id='word_1_125' title='bbox 1253 779 1350 811; x_wconf 88' lang='lat' dir='ltr'>quam</span> <span class='ocrx_word' id='word_1_126' title='bbox 1373 768 1562 809; x_wconf 82' lang='lat' dir='ltr'>Corradus⁰,</span> <span class='ocrx_word' id='word_1_127' title='bbox 1592 775 1658 801; x_wconf 87' lang='lat' dir='ltr'>tam</span> <span class='ocrx_word' id='word_1_128' title='bbox 1682 769 1852 812; x_wconf 74' lang='lat' dir='ltr'>Philippus</span> 
     </span>
     <span class='ocr_line' id='line_1_12' title="bbox 198 819 1853 864; baseline -0.001 -10"><span class='ocrx_word' id='word_1_129' title='bbox 198 831 294 863; x_wconf 88' lang='lat' dir='ltr'>quam</span> <span class='ocrx_word' id='word_1_130' title='bbox 318 820 406 862; x_wconf 86' lang='lat' dir='ltr'>Otto,</span> <span class='ocrx_word' id='word_1_131' title='bbox 430 824 496 853; x_wconf 87' lang='lat' dir='ltr'>tam</span> <span class='ocrx_word' id='word_1_132' title='bbox 515 821 708 853; x_wconf 79' lang='lat' dir='ltr'>Riccardus‘</span> <span class='ocrx_word' id='word_1_133' title='bbox 729 832 826 864; x_wconf 86' lang='lat' dir='ltr'>quam</span> <span class='ocrx_word' id='word_1_134' title='bbox 841 820 995 854; x_wconf 78' lang='lat' dir='ltr'>Alfonsus</span> <span class='ocrx_word' id='word_1_135' title='bbox 1004 825 1030 860; x_wconf 62' lang='grc' dir='ltr'>Β,</span> <span class='ocrx_word' id='word_1_136' title='bbox 1053 824 1118 853; x_wconf 87' lang='lat' dir='ltr'>tam</span> <span class='ocrx_word' id='word_1_137' title='bbox 1142 819 1280 852; x_wconf 80' lang='lat' dir='ltr'>Adolt&#39;us</span> <span class='ocrx_word' id='word_1_138' title='bbox 1303 831 1399 863; x_wconf 89' lang='lat' dir='ltr'>quam</span> <span class='ocrx_word' id='word_1_139' title='bbox 1420 820 1575 853; x_wconf 84' lang='lat' dir='ltr'>Albertus</span> <span class='ocrx_word' id='word_1_140' title='bbox 1598 820 1694 853; x_wconf 87' lang='lat' dir='ltr'>electi</span> <span class='ocrx_word' id='word_1_141' title='bbox 1718 821 1853 853; x_wconf 77' lang='lat' dir='ltr'>fuissent</span> 
     </span>
     <span class='ocr_line' id='line_1_13' title="bbox 197 871 1850 914; baseline 0 -10"><span class='ocrx_word' id='word_1_142' title='bbox 197 873 229 904; x_wconf 91' lang='lat' dir='ltr'>in</span> <span class='ocrx_word' id='word_1_143' title='bbox 256 871 431 912; x_wconf 81' lang='lat' dir='ltr'>discordia,</span> <span class='ocrx_word' id='word_1_144' title='bbox 466 877 574 905; x_wconf 82' lang='lat' dir='ltr'>tamen</span> <span class='ocrx_word' id='word_1_145' title='bbox 602 872 926 905; x_wconf 66' lang='lat' dir='ltr'>administraverunth</span> <span class='ocrx_word' id='word_1_146' title='bbox 949 882 1078 914; x_wconf 86' lang='lat' dir='ltr'>semper</span> <span class='ocrx_word' id='word_1_147' title='bbox 1109 873 1295 914; x_wconf 86' lang='lat' dir='ltr'>imperium,</span> <span class='ocrx_word' id='word_1_148' title='bbox 1330 873 1412 904; x_wconf 86' lang='lat' dir='ltr'>sicut</span> <span class='ocrx_word' id='word_1_149' title='bbox 1438 875 1471 904; x_wconf 89' lang='lat' dir='ltr'>et</span> <span class='ocrx_word' id='word_1_150' title='bbox 1500 876 1674 914; x_wconf 89' lang='lat' dir='ltr'>potuerunt</span> <span class='ocrx_word' id='word_1_151' title='bbox 1700 872 1742 904; x_wconf 89' lang='lat' dir='ltr'>de</span> <span class='ocrx_word' id='word_1_152' title='bbox 1772 874 1850 905; x_wconf 90' lang='lat' dir='ltr'>iure.</span> 
     </span>
     <span class='ocr_line' id='line_1_14' title="bbox 195 923 1851 966; baseline 0 -11"><span class='ocrx_word' id='word_1_153' title='bbox 195 923 265 956; x_wconf 83' lang='lat' dir='ltr'>Nec</span> <span class='ocrx_word' id='word_1_154' title='bbox 282 933 341 966; x_wconf 86' lang='lat' dir='ltr'>per</span> <span class='ocrx_word' id='word_1_155' title='bbox 357 934 552 966; x_wconf 86' lang='lat' dir='ltr'>quemquam</span> <span class='ocrx_word' id='word_1_156' title='bbox 567 923 800 956; x_wconf 72' lang='lat' dir='ltr'>Romanorum¹</span> <span class='ocrx_word' id='word_1_157' title='bbox 818 924 1001 966; x_wconf 85' lang='lat' dir='ltr'>pontificem</span> <span class='ocrx_word' id='word_1_158' title='bbox 1019 927 1240 965; x_wconf 76' lang='lat' dir='ltr'><strong>presumptum</strong></span> <span class='ocrx_word' id='word_1_159' title='bbox 1257 923 1326 963; x_wconf 82' lang='lat' dir='ltr'>fuit,</span> <span class='ocrx_word' id='word_1_160' title='bbox 1350 923 1435 966; x_wconf 91' lang='lat' dir='ltr'>quod</span> <span class='ocrx_word' id='word_1_161' title='bbox 1452 934 1511 966; x_wconf 90' lang='lat' dir='ltr'>per</span> <span class='ocrx_word' id='word_1_162' title='bbox 1526 924 1643 956; x_wconf 62' lang='lat' dir='ltr'>istum*</span> <span class='ocrx_word' id='word_1_163' title='bbox 1660 934 1763 966; x_wconf 85' lang='lat' dir='ltr'><strong>nuper</strong></span> <span class='ocrx_word' id='word_1_164' title='bbox 1778 935 1851 956; x_wconf 84' lang='lat' dir='ltr'>nos-</span> 
     </span>
     <span class='ocr_line' id='line_1_15' title="bbox 197 975 1852 1018; baseline 0 -11"><span class='ocrx_word' id='word_1_165' title='bbox 197 975 279 1008; x_wconf 89' lang='lat' dir='ltr'>citur</span> <span class='ocrx_word' id='word_1_166' title='bbox 304 979 531 1018; x_wconf 84' lang='lat' dir='ltr'>attemptatum</span> <span class='ocrx_word' id='word_1_167' title='bbox 562 976 594 1008; x_wconf 89' lang='lat' dir='ltr'>in</span> <span class='ocrx_word' id='word_1_168' title='bbox 620 976 832 1018; x_wconf 89' lang='lat' dir='ltr'>preiudicium</span> <span class='ocrx_word' id='word_1_169' title='bbox 859 978 893 1008; x_wconf 92' lang='lat' dir='ltr'>et</span> <span class='ocrx_word' id='word_1_170' title='bbox 920 985 1095 1018; x_wconf 80' lang='lat' dir='ltr'>gravamen</span> <span class='ocrx_word' id='word_1_171' title='bbox 1125 976 1285 1007; x_wconf 84' lang='lat' dir='ltr'>notorium</span> <span class='ocrx_word' id='word_1_172' title='bbox 1307 976 1390 1007; x_wconf 88' lang='lat' dir='ltr'>sacri</span> <span class='ocrx_word' id='word_1_173' title='bbox 1413 976 1540 1017; x_wconf 90' lang='lat' dir='ltr'>imperii</span> <span class='ocrx_word' id='word_1_174' title='bbox 1564 979 1663 1017; x_wconf 88' lang='lat' dir='ltr'>atque</span> <span class='ocrx_word' id='word_1_175' title='bbox 1692 976 1791 1007; x_wconf 91' lang='lat' dir='ltr'>nostri</span> <span class='ocrx_word' id='word_1_176' title='bbox 1819 980 1852 1008; x_wconf 89' lang='lat' dir='ltr'>et</span> 
     </span>
     <span class='ocr_line' id='line_1_16' title="bbox 154 1026 1330 1070; baseline 0.001 -12"><span class='ocrx_word' id='word_1_177' title='bbox 154 1037 178 1057; x_wconf 76' lang='lat' dir='ltr'>u</span> <span class='ocrx_word' id='word_1_178' title='bbox 197 1027 376 1069; x_wconf 88' lang='lat' dir='ltr'>principum</span> <span class='ocrx_word' id='word_1_179' title='bbox 400 1027 577 1059; x_wconf 86' lang='lat' dir='ltr'>electorum</span> <span class='ocrx_word' id='word_1_180' title='bbox 600 1028 725 1069; x_wconf 87' lang='lat' dir='ltr'>imperii</span> <span class='ocrx_word' id='word_1_181' title='bbox 748 1030 782 1059; x_wconf 91' lang='lat' dir='ltr'>et</span> <span class='ocrx_word' id='word_1_182' title='bbox 804 1027 959 1070; x_wconf 75' lang='lat' dir='ltr'>plurium¹</span> <span class='ocrx_word' id='word_1_183' title='bbox 981 1027 1159 1069; x_wconf 87' lang='lat' dir='ltr'>principum</span> <span class='ocrx_word' id='word_1_184' title='bbox 1182 1026 1330 1059; x_wconf 88' lang='lat' dir='ltr'>aliorum.</span> 
     </span>
    </p>

    <p class='ocr_par' dir='ltr' id='par_1_6' title="bbox 197 1077 1852 1276">
     <span class='ocr_line' id='line_1_17' title="bbox 306 1077 1851 1122; baseline 0 -11"><span class='ocrx_word' id='word_1_185' title='bbox 306 1080 356 1110; x_wconf 84' lang='lat'>22.</span> <span class='ocrx_word' id='word_1_186' title='bbox 380 1078 394 1097; x_wconf 77' lang='lat'>&#39;³</span> <span class='ocrx_word' id='word_1_187' title='bbox 410 1078 567 1111; x_wconf 87' lang='lat' dir='ltr'>Preterea</span> <span class='ocrx_word' id='word_1_188' title='bbox 590 1079 748 1111; x_wconf 82' lang='lat' dir='ltr'>electione</span> <span class='ocrx_word' id='word_1_189' title='bbox 770 1082 880 1111; x_wconf 85' lang='lat' dir='ltr'>nostra</span> <span class='ocrx_word' id='word_1_190' title='bbox 902 1089 922 1111; x_wconf 86' lang='lat' dir='ltr'>a</span> <span class='ocrx_word' id='word_1_191' title='bbox 944 1079 1058 1111; x_wconf 86' lang='lat' dir='ltr'>maiori</span> <span class='ocrx_word' id='word_1_192' title='bbox 1082 1082 1183 1120; x_wconf 85' lang='lat' dir='ltr'>parte,</span> <span class='ocrx_word' id='word_1_193' title='bbox 1208 1079 1306 1110; x_wconf 88' lang='lat' dir='ltr'>immo</span> <span class='ocrx_word' id='word_1_194' title='bbox 1329 1088 1349 1110; x_wconf 85' lang='lat' dir='ltr'>a</span> <span class='ocrx_word' id='word_1_195' title='bbox 1372 1077 1497 1110; x_wconf 89' lang='lat' dir='ltr'>duabus</span> <span class='ocrx_word' id='word_1_196' title='bbox 1513 1078 1658 1120; x_wconf 84' lang='lat' dir='ltr'>partibus</span> <span class='ocrx_word' id='word_1_197' title='bbox 1673 1079 1851 1122; x_wconf 85' lang='lat' dir='ltr'>principum</span> 
     </span>
     <span class='ocr_line' id='line_1_18' title="bbox 197 1129 1852 1173; baseline 0.001 -12"><span class='ocrx_word' id='word_1_198' title='bbox 197 1129 283 1162; x_wconf 75' lang='lat' dir='ltr'>facta.</span> <span class='ocrx_word' id='word_1_199' title='bbox 317 1132 350 1162; x_wconf 88' lang='lat' dir='ltr'>et</span> <span class='ocrx_word' id='word_1_200' title='bbox 383 1140 446 1172; x_wconf 90' lang='lat' dir='ltr'>que</span> <span class='ocrx_word' id='word_1_201' title='bbox 480 1131 584 1162; x_wconf 81' lang='lat' dir='ltr'>causis</span> <span class='ocrx_word' id='word_1_202' title='bbox 611 1130 814 1163; x_wconf 84' lang='lat' dir='ltr'>evidentibus</span> <span class='ocrx_word' id='word_1_203' title='bbox 848 1134 881 1163; x_wconf 91' lang='lat' dir='ltr'>et</span> <span class='ocrx_word' id='word_1_204' title='bbox 912 1130 1044 1162; x_wconf 79' lang='lat' dir='ltr'>notoriis</span> <span class='ocrx_word' id='word_1_205' title='bbox 1071 1140 1129 1173; x_wconf 91' lang='lat' dir='ltr'>pro</span> <span class='ocrx_word' id='word_1_206' title='bbox 1163 1129 1313 1162; x_wconf 86' lang='lat' dir='ltr'>concordi</span> <span class='ocrx_word' id='word_1_207' title='bbox 1347 1129 1446 1162; x_wconf 87' lang='lat' dir='ltr'>debet</span> <span class='ocrx_word' id='word_1_208' title='bbox 1474 1129 1625 1169; x_wconf 77' lang='lat' dir='ltr'>haberi-¹²,</span> <span class='ocrx_word' id='word_1_209' title='bbox 1655 1130 1772 1162; x_wconf 83' lang='lat' dir='ltr'>nobilis</span> <span class='ocrx_word' id='word_1_210' title='bbox 1805 1132 1852 1162; x_wconf 78' lang='lat' dir='ltr'>vir</span> 
     </span>
     <span class='ocr_line' id='line_1_19' title="bbox 197 1180 1851 1224; baseline 0.001 -12"><span class='ocrx_word' id='word_1_211' title='bbox 197 1180 395 1213; x_wconf 82' lang='lat' dir='ltr'>Fridericus¹¹</span> <span class='ocrx_word' id='word_1_212' title='bbox 415 1181 483 1213; x_wconf 82' lang='lat' dir='ltr'>dux</span> <span class='ocrx_word' id='word_1_213' title='bbox 498 1182 638 1223; x_wconf 86' lang='lat' dir='ltr'>Austrie,</span> <span class='ocrx_word' id='word_1_214' title='bbox 665 1182 740 1214; x_wconf 90' lang='lat' dir='ltr'>licet</span> <span class='ocrx_word' id='word_1_215' title='bbox 762 1192 826 1214; x_wconf 92' lang='lat' dir='ltr'>non</span> <span class='ocrx_word' id='word_1_216' title='bbox 849 1183 880 1214; x_wconf 93' lang='lat' dir='ltr'>in</span> <span class='ocrx_word' id='word_1_217' title='bbox 904 1182 975 1214; x_wconf 89' lang='lat' dir='ltr'>loco</span> <span class='ocrx_word' id='word_1_218' title='bbox 998 1181 1164 1214; x_wconf 73' lang='lat' dir='ltr'>electionis</span> <span class='ocrx_word' id='word_1_219' title='bbox 1186 1191 1246 1213; x_wconf 93' lang='lat' dir='ltr'>nec</span> <span class='ocrx_word' id='word_1_220' title='bbox 1270 1182 1301 1212; x_wconf 92' lang='lat' dir='ltr'>in</span> <span class='ocrx_word' id='word_1_221' title='bbox 1325 1181 1377 1213; x_wconf 92' lang='lat' dir='ltr'>die</span> <span class='ocrx_word' id='word_1_222' title='bbox 1400 1180 1442 1212; x_wconf 87' lang='lat' dir='ltr'>ad</span> <span class='ocrx_word' id='word_1_223' title='bbox 1466 1181 1651 1223; x_wconf 84' lang='lat' dir='ltr'>eligendum</span> <span class='ocrx_word' id='word_1_224' title='bbox 1675 1183 1808 1224; x_wconf 83' lang='lat' dir='ltr'>prefixa,</span> <span class='ocrx_word' id='word_1_225' title='bbox 1832 1194 1851 1214; x_wconf 88' lang='lat' dir='ltr'>a</span> 
     </span>
     <span class='ocr_line' id='line_1_20' title="bbox 198 1232 1850 1276; baseline 0.001 -12"><span class='ocrx_word' id='word_1_226' title='bbox 198 1232 293 1274; x_wconf 81' lang='lat' dir='ltr'>longe</span> <span class='ocrx_word' id='word_1_227' title='bbox 316 1234 431 1265; x_wconf 89' lang='lat' dir='ltr'>minori</span> <span class='ocrx_word' id='word_1_228' title='bbox 455 1237 546 1275; x_wconf 84' lang='lat' dir='ltr'>parte</span> <span class='ocrx_word' id='word_1_229' title='bbox 569 1234 758 1276; x_wconf 88' lang='lat' dir='ltr'>principum,</span> <span class='ocrx_word' id='word_1_230' title='bbox 782 1233 932 1266; x_wconf 86' lang='lat' dir='ltr'>videlicet</span> <span class='ocrx_word' id='word_1_231' title='bbox 954 1244 973 1265; x_wconf 85' lang='lat' dir='ltr'>a</span> <span class='ocrx_word' id='word_1_232' title='bbox 989 1232 1115 1265; x_wconf 89' lang='lat' dir='ltr'>duobus</span> <span class='ocrx_word' id='word_1_233' title='bbox 1137 1232 1371 1273; x_wconf 87' lang='lat' dir='ltr'>tantummodo,</span> <span class='ocrx_word' id='word_1_234' title='bbox 1394 1243 1429 1264; x_wconf 85' lang='lat' dir='ltr'>se</span> <span class='ocrx_word' id='word_1_235' title='bbox 1453 1232 1551 1274; x_wconf 79' lang='lat' dir='ltr'>eligi⁰</span> <span class='ocrx_word' id='word_1_236' title='bbox 1574 1233 1651 1265; x_wconf 82' lang='lat' dir='ltr'>fecit</span> <span class='ocrx_word' id='word_1_237' title='bbox 1674 1234 1705 1264; x_wconf 93' lang='lat' dir='ltr'>in</span> <span class='ocrx_word' id='word_1_238' title='bbox 1730 1242 1850 1275; x_wconf 88' lang='lat' dir='ltr'>regem.</span> 
     </span>
    </p>

    <p class='ocr_par' dir='ltr' id='par_1_7' title="bbox 153 1282 1853 1534">
     <span class='ocr_line' id='line_1_21' title="bbox 153 1282 1850 1327; baseline 0.002 -13"><span class='ocrx_word' id='word_1_239' title='bbox 153 1294 180 1313; x_wconf 64' lang='grc' dir='ltr'>,ο</span> <span class='ocrx_word' id='word_1_240' title='bbox 197 1282 240 1315; x_wconf 83' lang='lat' dir='ltr'>Et</span> <span class='ocrx_word' id='word_1_241' title='bbox 261 1293 303 1316; x_wconf 89' lang='lat' dir='ltr'>ex</span> <span class='ocrx_word' id='word_1_242' title='bbox 324 1284 471 1326; x_wconf 89' lang='lat' dir='ltr'>predicta</span> <span class='ocrx_word' id='word_1_243' title='bbox 493 1285 651 1317; x_wconf 80' lang='lat' dir='ltr'>electione</span> <span class='ocrx_word' id='word_1_244' title='bbox 673 1295 737 1317; x_wconf 90' lang='lat' dir='ltr'>non</span> <span class='ocrx_word' id='word_1_245' title='bbox 759 1285 863 1317; x_wconf 88' lang='lat' dir='ltr'>solum</span> <span class='ocrx_word' id='word_1_246' title='bbox 886 1295 960 1326; x_wconf 89' lang='lat' dir='ltr'>nos,</span> <span class='ocrx_word' id='word_1_247' title='bbox 989 1285 1044 1327; x_wconf 90' lang='lat' dir='ltr'>qui</span> <span class='ocrx_word' id='word_1_248' title='bbox 1067 1284 1108 1316; x_wconf 89' lang='lat' dir='ltr'>de</span> <span class='ocrx_word' id='word_1_249' title='bbox 1131 1284 1201 1317; x_wconf 88' lang='lat' dir='ltr'>iure</span> <span class='ocrx_word' id='word_1_250' title='bbox 1224 1284 1350 1316; x_wconf 87' lang='lat' dir='ltr'>notorio</span> <span class='ocrx_word' id='word_1_251' title='bbox 1374 1288 1561 1326; x_wconf 73' lang='lat' dir='ltr'>poteramus</span> <span class='ocrx_word' id='word_1_252' title='bbox 1585 1288 1618 1316; x_wconf 90' lang='lat' dir='ltr'>et</span> <span class='ocrx_word' id='word_1_253' title='bbox 1640 1284 1850 1320; x_wconf 75' lang='lat' dir='ltr'>debebamus.</span> 
     </span>
     <span class='ocr_line' id='line_1_22' title="bbox 196 1335 1850 1378; baseline 0.001 -11"><span class='ocrx_word' id='word_1_254' title='bbox 196 1345 364 1376; x_wconf 80' lang='lat' dir='ltr'>possumus</span> <span class='ocrx_word' id='word_1_255' title='bbox 387 1339 421 1368; x_wconf 87' lang='lat' dir='ltr'>et</span> <span class='ocrx_word' id='word_1_256' title='bbox 443 1335 610 1378; x_wconf 84' lang='lat' dir='ltr'>debemus,</span> <span class='ocrx_word' id='word_1_257' title='bbox 632 1337 965 1376; x_wconf 60' lang='lat' dir='ltr'>amministravimusv,</span> <span class='ocrx_word' id='word_1_258' title='bbox 988 1337 1086 1368; x_wconf 91' lang='lat' dir='ltr'>immo</span> <span class='ocrx_word' id='word_1_259' title='bbox 1102 1337 1222 1368; x_wconf 70' lang='lat' dir='ltr'>etiam·¹</span> <span class='ocrx_word' id='word_1_260' title='bbox 1247 1337 1332 1378; x_wconf 76' lang='lat' dir='ltr'>ipse‘</span> <span class='ocrx_word' id='word_1_261' title='bbox 1355 1335 1565 1368; x_wconf 84' lang='lat' dir='ltr'>Fridericus&#39;.</span> <span class='ocrx_word' id='word_1_262' title='bbox 1612 1335 1670 1368; x_wconf 87' lang='lat' dir='ltr'>Cui</span> <span class='ocrx_word' id='word_1_263' title='bbox 1688 1337 1719 1368; x_wconf 90' lang='lat' dir='ltr'>in</span> <span class='ocrx_word' id='word_1_264' title='bbox 1736 1338 1850 1368; x_wconf 90' lang='lat' dir='ltr'>ammi-</span> 
     </span>
     <span class='ocr_line' id='line_1_23' title="bbox 196 1387 1850 1431; baseline 0.001 -13"><span class='ocrx_word' id='word_1_265' title='bbox 196 1387 388 1419; x_wconf 84' lang='lat' dir='ltr'>nistracione</span> <span class='ocrx_word' id='word_1_266' title='bbox 411 1398 469 1420; x_wconf 87' lang='lat' dir='ltr'>sua</span> <span class='ocrx_word' id='word_1_267' title='bbox 491 1389 561 1430; x_wconf 87' lang='lat' dir='ltr'>ipse</span> <span class='ocrx_word' id='word_1_268' title='bbox 585 1387 762 1431; x_wconf 85' lang='lat' dir='ltr'>procedens</span> <span class='ocrx_word' id='word_1_269' title='bbox 771 1389 794 1429; x_wconf 75' lang='lat'>‘³’</span> <span class='ocrx_word' id='word_1_270' title='bbox 817 1389 916 1420; x_wconf 90' lang='lat' dir='ltr'>immo</span> <span class='ocrx_word' id='word_1_271' title='bbox 938 1388 1044 1420; x_wconf 87' lang='lat' dir='ltr'>verius</span> <span class='ocrx_word' id='word_1_272' title='bbox 1067 1387 1230 1420; x_wconf 85' lang='lat' dir='ltr'>excedens</span> <span class='ocrx_word' id='word_1_273' title='bbox 1253 1388 1332 1419; x_wconf 81' lang='lat' dir='ltr'>favit</span> <span class='ocrx_word' id='word_1_274' title='bbox 1354 1398 1412 1428; x_wconf 90' lang='lat' dir='ltr'>pro</span> <span class='ocrx_word' id='word_1_275' title='bbox 1436 1391 1563 1429; x_wconf 61' lang='lat' dir='ltr'>possen,</span> <span class='ocrx_word' id='word_1_276' title='bbox 1587 1388 1668 1419; x_wconf 87' lang='lat' dir='ltr'>sicut</span> <span class='ocrx_word' id='word_1_277' title='bbox 1690 1388 1850 1420; x_wconf 86' lang='lat' dir='ltr'>notorium</span> 
     </span>
     <span class='ocr_line' id='line_1_24' title="bbox 197 1438 1851 1482; baseline 0 -12"><span class='ocrx_word' id='word_1_278' title='bbox 197 1442 246 1470; x_wconf 84' lang='lat' dir='ltr'>cst</span> <span class='ocrx_word' id='word_1_279' title='bbox 268 1441 301 1470; x_wconf 93' lang='lat' dir='ltr'>et</span> <span class='ocrx_word' id='word_1_280' title='bbox 322 1439 529 1471; x_wconf 81' lang='lat' dir='ltr'>manifestum</span> <span class='ocrx_word' id='word_1_281' title='bbox 551 1450 611 1472; x_wconf 87' lang='lat' dir='ltr'>nec</span> <span class='ocrx_word' id='word_1_282' title='bbox 634 1439 743 1482; x_wconf 85' lang='lat' dir='ltr'>aliqua</span> <span class='ocrx_word' id='word_1_283' title='bbox 766 1442 873 1482; x_wconf 86' lang='lat' dir='ltr'>potest</span> <span class='ocrx_word' id='word_1_284' title='bbox 896 1439 1169 1481; x_wconf 81' lang='lat' dir='ltr'>tergiversacione</span> <span class='ocrx_word' id='word_1_285' title='bbox 1193 1439 1301 1470; x_wconf 89' lang='lat' dir='ltr'>celari.</span> <span class='ocrx_word' id='word_1_286' title='bbox 1346 1438 1518 1480; x_wconf 83' lang='lat' dir='ltr'>Nunquam</span> <span class='ocrx_word' id='word_1_287' title='bbox 1544 1442 1651 1471; x_wconf 88' lang='lat' dir='ltr'>tamen</span> <span class='ocrx_word' id='word_1_288' title='bbox 1667 1449 1731 1471; x_wconf 90' lang='lat' dir='ltr'>non</span> <span class='ocrx_word' id='word_1_289' title='bbox 1746 1439 1851 1470; x_wconf 88' lang='lat' dir='ltr'>solum</span> 
     </span>
     <span class='ocr_line' id='line_1_25' title="bbox 197 1489 1853 1534; baseline 0.001 -13"><span class='ocrx_word' id='word_1_290' title='bbox 197 1489 303 1530; x_wconf 86' lang='lat' dir='ltr'>nobis,</span> <span class='ocrx_word' id='word_1_291' title='bbox 333 1491 415 1522; x_wconf 84' lang='lat' dir='ltr'>sicut</span> <span class='ocrx_word' id='word_1_292' title='bbox 441 1501 501 1523; x_wconf 90' lang='lat' dir='ltr'>nec</span> <span class='ocrx_word' id='word_1_293' title='bbox 529 1490 641 1523; x_wconf 84' lang='lat' dir='ltr'>debuit</span> <span class='ocrx_word' id='word_1_294' title='bbox 663 1501 723 1523; x_wconf 87' lang='lat' dir='ltr'>nec</span> <span class='ocrx_word' id='word_1_295' title='bbox 745 1491 864 1534; x_wconf 86' lang='lat' dir='ltr'>potuit,</span> <span class='ocrx_word' id='word_1_296' title='bbox 893 1494 943 1523; x_wconf 88' lang='lat' dir='ltr'>set</span> <span class='ocrx_word' id='word_1_297' title='bbox 965 1501 1025 1523; x_wconf 91' lang='lat' dir='ltr'>nec</span> <span class='ocrx_word' id='word_1_298' title='bbox 1055 1491 1116 1532; x_wconf 89' lang='lat' dir='ltr'>ipsi</span> <span class='ocrx_word' id='word_1_299' title='bbox 1139 1490 1315 1530; x_wconf 88' lang='lat' dir='ltr'>Friderico,</span> <span class='ocrx_word' id='word_1_300' title='bbox 1347 1499 1443 1532; x_wconf 91' lang='lat' dir='ltr'>quem</span> <span class='ocrx_word' id='word_1_301' title='bbox 1467 1491 1702 1522; x_wconf 77' lang='lat' dir='ltr'>amministrare</span> <span class='ocrx_word' id='word_1_302' title='bbox 1729 1489 1853 1522; x_wconf 76' lang='lat' dir='ltr'>sciebat</span> 
     </span>
    </p>

    <p class='ocr_par' dir='ltr' id='par_1_8' title="bbox 153 1542 1854 1790">
     <span class='ocr_line' id='line_1_26' title="bbox 153 1542 1853 1584; baseline 0.001 -13"><span class='ocrx_word' id='word_1_303' title='bbox 153 1549 178 1570; x_wconf 68' lang='lat' dir='ltr'>aa</span> <span class='ocrx_word' id='word_1_304' title='bbox 197 1542 532 1582; x_wconf 75' lang='lat' dir='ltr'>amministracionem,</span> <span class='ocrx_word' id='word_1_305' title='bbox 556 1542 800 1584; x_wconf 81' lang='lat' dir='ltr'>quomodolibet</span> <span class='ocrx_word' id='word_1_306' title='bbox 821 1542 996 1574; x_wconf 84' lang='lat' dir='ltr'>interdixit.</span> <span class='ocrx_word' id='word_1_307' title='bbox 1043 1542 1124 1574; x_wconf 84' lang='lat' dir='ltr'>Cum</span> <span class='ocrx_word' id='word_1_308' title='bbox 1148 1546 1257 1574; x_wconf 88' lang='lat' dir='ltr'>tamen</span> <span class='ocrx_word' id='word_1_309' title='bbox 1281 1545 1314 1573; x_wconf 91' lang='lat' dir='ltr'>et</span> <span class='ocrx_word' id='word_1_310' title='bbox 1335 1545 1410 1573; x_wconf 85' lang='lat' dir='ltr'>ante</span> <span class='ocrx_word' id='word_1_311' title='bbox 1433 1542 1692 1584; x_wconf 87' lang='lat' dir='ltr'>assumpcionem</span> <span class='ocrx_word' id='word_1_312' title='bbox 1712 1551 1802 1573; x_wconf 87' lang='lat' dir='ltr'>suam</span> <span class='ocrx_word' id='word_1_313' title='bbox 1819 1545 1853 1573; x_wconf 88' lang='lat' dir='ltr'>et</span> 
     </span>
     <span class='ocr_line' id='line_1_27' title="bbox 197 1593 1854 1642; baseline 0 -18"><span class='ocrx_word' id='word_1_314' title='bbox 197 1596 271 1634; x_wconf 88' lang='lat' dir='ltr'>post</span> <span class='ocrx_word' id='word_1_315' title='bbox 293 1594 397 1635; x_wconf 82' lang='lat' dir='ltr'>ipsam</span> <span class='ocrx_word' id='word_1_316' title='bbox 419 1594 484 1625; x_wconf 83' lang='lat' dir='ltr'>iam</span> <span class='ocrx_word' id='word_1_317' title='bbox 507 1604 567 1636; x_wconf 89' lang='lat' dir='ltr'>per</span> <span class='ocrx_word' id='word_1_318' title='bbox 588 1604 689 1626; x_wconf 84' lang='lat' dir='ltr'>annos</span> <span class='ocrx_word' id='word_1_319' title='bbox 712 1598 805 1626; x_wconf 81' lang='lat' dir='ltr'>octov</span> <span class='ocrx_word' id='word_1_320' title='bbox 828 1598 862 1626; x_wconf 88' lang='lat' dir='ltr'>et</span> <span class='ocrx_word' id='word_1_321' title='bbox 883 1594 968 1626; x_wconf 84' lang='lat' dir='ltr'>ultra</span> <span class='ocrx_word' id='word_1_322' title='bbox 990 1593 1332 1642; x_wconf 61' lang='lat' dir='ltr'>amministraverimus</span> <span class='ocrx_word' id='word_1_323' title='bbox 1355 1597 1389 1626; x_wconf 89' lang='lat' dir='ltr'>et</span> <span class='ocrx_word' id='word_1_324' title='bbox 1418 1594 1653 1625; x_wconf 81' lang='lat' dir='ltr'>amministrare</span> <span class='ocrx_word' id='word_1_325' title='bbox 1676 1603 1735 1624; x_wconf 87' lang='lat' dir='ltr'>nos</span> <span class='ocrx_word' id='word_1_326' title='bbox 1757 1593 1854 1625; x_wconf 87' lang='lat' dir='ltr'>sciret</span> 
     </span>
     <span class='ocr_line' id='line_1_28' title="bbox 197 1644 1853 1687; baseline -0.001 -11"><span class='ocrx_word' id='word_1_327' title='bbox 197 1645 323 1676; x_wconf 85' lang='lat' dir='ltr'>notorie</span> <span class='ocrx_word' id='word_1_328' title='bbox 347 1655 384 1677; x_wconf 85' lang='lat' dir='ltr'>ac</span> <span class='ocrx_word' id='word_1_329' title='bbox 408 1645 511 1677; x_wconf 86' lang='lat' dir='ltr'>eciam</span> <span class='ocrx_word' id='word_1_330' title='bbox 535 1645 715 1686; x_wconf 87' lang='lat' dir='ltr'>evidenter,</span> <span class='ocrx_word' id='word_1_331' title='bbox 743 1646 824 1678; x_wconf 89' lang='lat' dir='ltr'>sicut</span> <span class='ocrx_word' id='word_1_332' title='bbox 846 1649 1032 1687; x_wconf 87' lang='lat' dir='ltr'>poteramus</span> <span class='ocrx_word' id='word_1_333' title='bbox 1055 1648 1089 1676; x_wconf 88' lang='lat' dir='ltr'>et</span> <span class='ocrx_word' id='word_1_334' title='bbox 1111 1644 1326 1685; x_wconf 83' lang='lat' dir='ltr'>debebamus,</span> <span class='ocrx_word' id='word_1_335' title='bbox 1356 1654 1525 1686; x_wconf 83' lang='lat' dir='ltr'>possumus</span> <span class='ocrx_word' id='word_1_336' title='bbox 1555 1648 1589 1677; x_wconf 89' lang='lat' dir='ltr'>et</span> <span class='ocrx_word' id='word_1_337' title='bbox 1616 1644 1787 1680; x_wconf 75' lang='lat' dir='ltr'>debemus.</span> <span class='ocrx_word' id='word_1_338' title='bbox 1817 1648 1853 1675; x_wconf 89' lang='lat' dir='ltr'>ut</span> 
     </span>
     <span class='ocr_line' id='line_1_29' title="bbox 197 1696 1851 1739; baseline -0.001 -11"><span class='ocrx_word' id='word_1_339' title='bbox 197 1699 289 1737; x_wconf 82' lang='lat' dir='ltr'>patet</span> <span class='ocrx_word' id='word_1_340' title='bbox 311 1707 353 1728; x_wconf 86' lang='lat' dir='ltr'>ex</span> <span class='ocrx_word' id='word_1_341' title='bbox 376 1696 601 1739; x_wconf 76' lang='lat' dir='ltr'>supradictis&#39;.</span> <span class='ocrx_word' id='word_1_342' title='bbox 636 1696 687 1728; x_wconf 83' lang='lat' dir='ltr'>Ex</span> <span class='ocrx_word' id='word_1_343' title='bbox 710 1697 825 1739; x_wconf 89' lang='lat' dir='ltr'>quibus</span> <span class='ocrx_word' id='word_1_344' title='bbox 848 1697 1128 1729; x_wconf 83' lang='lat' dir='ltr'>manifestissime¹</span> <span class='ocrx_word' id='word_1_345' title='bbox 1150 1700 1254 1738; x_wconf 88' lang='lat' dir='ltr'>patet,</span> <span class='ocrx_word' id='word_1_346' title='bbox 1278 1696 1365 1738; x_wconf 90' lang='lat' dir='ltr'>quod</span> <span class='ocrx_word' id='word_1_347' title='bbox 1389 1706 1452 1728; x_wconf 92' lang='lat' dir='ltr'>non</span> <span class='ocrx_word' id='word_1_348' title='bbox 1475 1696 1651 1736; x_wconf 84' lang='lat' dir='ltr'>iusticiam,</span> <span class='ocrx_word' id='word_1_349' title='bbox 1679 1706 1743 1727; x_wconf 91' lang='lat' dir='ltr'>non</span> <span class='ocrx_word' id='word_1_350' title='bbox 1766 1696 1851 1727; x_wconf 75' lang='lat' dir='ltr'>veri-</span> 
     </span>
     <span class='ocr_line' id='line_1_30' title="bbox 197 1747 1850 1790; baseline 0 -11"><span class='ocrx_word' id='word_1_351' title='bbox 197 1750 297 1779; x_wconf 82' lang='lat' dir='ltr'>tatem</span> <span class='ocrx_word' id='word_1_352' title='bbox 328 1748 533 1790; x_wconf 80' lang='lat' dir='ltr'>prosequitur</span> <span class='ocrx_word' id='word_1_353' title='bbox 563 1749 595 1780; x_wconf 92' lang='lat' dir='ltr'>in</span> <span class='ocrx_word' id='word_1_354' title='bbox 626 1748 792 1790; x_wconf 80' lang='lat' dir='ltr'>predictis,</span> <span class='ocrx_word' id='word_1_355' title='bbox 823 1752 872 1781; x_wconf 84' lang='lat' dir='ltr'>set</span> <span class='ocrx_word' id='word_1_356' title='bbox 903 1749 945 1780; x_wconf 91' lang='lat' dir='ltr'>ad</span> <span class='ocrx_word' id='word_1_357' title='bbox 975 1748 1122 1790; x_wconf 85' lang='lat' dir='ltr'>predicta</span> <span class='ocrx_word' id='word_1_358' title='bbox 1149 1751 1297 1780; x_wconf 82' lang='lat' dir='ltr'>movetur</span> <span class='ocrx_word' id='word_1_359' title='bbox 1319 1749 1426 1780; x_wconf 88' lang='lat' dir='ltr'>animo</span> <span class='ocrx_word' id='word_1_360' title='bbox 1450 1748 1559 1790; x_wconf 86' lang='lat' dir='ltr'>iniquo</span> <span class='ocrx_word' id='word_1_361' title='bbox 1588 1751 1620 1779; x_wconf 89' lang='lat' dir='ltr'>et</span> <span class='ocrx_word' id='word_1_362' title='bbox 1642 1748 1729 1779; x_wconf 85' lang='lat' dir='ltr'>malo</span> <span class='ocrx_word' id='word_1_363' title='bbox 1753 1751 1787 1779; x_wconf 87' lang='lat' dir='ltr'>et</span> <span class='ocrx_word' id='word_1_364' title='bbox 1808 1747 1850 1779; x_wconf 85' lang='lat' dir='ltr'>ad</span> 
     </span>
    </p>

    <p class='ocr_par' dir='ltr' id='par_1_9' title="bbox 153 1799 1851 1894">
     <span class='ocr_line' id='line_1_31' title="bbox 153 1799 1851 1842; baseline 0 -12"><span class='ocrx_word' id='word_1_365' title='bbox 153 1811 178 1831; x_wconf 78' lang='lat' dir='ltr'>so</span> <span class='ocrx_word' id='word_1_366' title='bbox 196 1799 408 1840; x_wconf 87' lang='lat' dir='ltr'>plantandum</span> <span class='ocrx_word' id='word_1_367' title='bbox 429 1801 463 1831; x_wconf 86' lang='lat' dir='ltr'>in</span> <span class='ocrx_word' id='word_1_368' title='bbox 486 1800 605 1832; x_wconf 90' lang='lat' dir='ltr'>mundo</span> <span class='ocrx_word' id='word_1_369' title='bbox 629 1799 805 1832; x_wconf 81' lang='lat' dir='ltr'>discordias</span> <span class='ocrx_word' id='word_1_370' title='bbox 828 1803 862 1832; x_wconf 90' lang='lat' dir='ltr'>et</span> <span class='ocrx_word' id='word_1_371' title='bbox 884 1799 1054 1840; x_wconf 86' lang='lat' dir='ltr'>scandala,</span> <span class='ocrx_word' id='word_1_372' title='bbox 1086 1810 1144 1842; x_wconf 90' lang='lat' dir='ltr'>per</span> <span class='ocrx_word' id='word_1_373' title='bbox 1174 1810 1236 1841; x_wconf 89' lang='lat' dir='ltr'>que</span> <span class='ocrx_word' id='word_1_374' title='bbox 1264 1800 1428 1842; x_wconf 80' lang='lat' dir='ltr'>sanguinis</span> <span class='ocrx_word' id='word_1_375' title='bbox 1453 1799 1583 1831; x_wconf 87' lang='lat' dir='ltr'>humani</span> <span class='ocrx_word' id='word_1_376' title='bbox 1606 1799 1721 1832; x_wconf 83' lang='lat' dir='ltr'>effusio</span> <span class='ocrx_word' id='word_1_377' title='bbox 1750 1800 1851 1840; x_wconf 87' lang='lat' dir='ltr'>possit</span> 
     </span>
     <span class='ocr_line' id='line_1_32' title="bbox 196 1851 1592 1894; baseline 0 -12"><span class='ocrx_word' id='word_1_378' title='bbox 196 1852 297 1893; x_wconf 81' lang='lat' dir='ltr'>sequi,</span> <span class='ocrx_word' id='word_1_379' title='bbox 321 1861 400 1893; x_wconf 84' lang='lat' dir='ltr'>quas</span> <span class='ocrx_word' id='word_1_380' title='bbox 423 1851 499 1882; x_wconf 85' lang='lat' dir='ltr'>totis</span> <span class='ocrx_word' id='word_1_381' title='bbox 521 1851 640 1883; x_wconf 80' lang='lat' dir='ltr'>viribus</span> <span class='ocrx_word' id='word_1_382' title='bbox 662 1852 750 1883; x_wconf 86' lang='lat' dir='ltr'>nisus</span> <span class='ocrx_word' id='word_1_383' title='bbox 773 1854 841 1884; x_wconf 76' lang='lat' dir='ltr'>eety</span> <span class='ocrx_word' id='word_1_384' title='bbox 863 1862 921 1894; x_wconf 88' lang='lat' dir='ltr'>per</span> <span class='ocrx_word' id='word_1_385' title='bbox 943 1853 1093 1883; x_wconf 79' lang='lat' dir='ltr'>universa</span> <span class='ocrx_word' id='word_1_386' title='bbox 1115 1851 1226 1883; x_wconf 90' lang='lat' dir='ltr'>mundi</span> <span class='ocrx_word' id='word_1_387' title='bbox 1249 1851 1395 1883; x_wconf 76' lang='lat' dir='ltr'>elimata·</span> <span class='ocrx_word' id='word_1_388' title='bbox 1421 1852 1592 1883; x_wconf 80' lang='lat' dir='ltr'>seminare.</span> 
     </span>
    </p>

    <p class='ocr_par' dir='ltr' id='par_1_10' title="bbox 194 1902 1851 2048">
     <span class='ocr_line' id='line_1_33' title="bbox 304 1902 1850 1945; baseline 0 -11"><span class='ocrx_word' id='word_1_389' title='bbox 304 1903 354 1934; x_wconf 87' lang='grc'>23.</span> <span class='ocrx_word' id='word_1_390' title='bbox 382 1907 396 1921; x_wconf 78' lang='grc'><em>·</em></span> <span class='ocrx_word' id='word_1_391' title='bbox 418 1902 501 1935; x_wconf 85' lang='lat' dir='ltr'>Item</span> <span class='ocrx_word' id='word_1_392' title='bbox 536 1913 594 1944; x_wconf 91' lang='lat' dir='ltr'>per</span> <span class='ocrx_word' id='word_1_393' title='bbox 627 1902 770 1935; x_wconf 81' lang='lat' dir='ltr'>diversas</span> <span class='ocrx_word' id='word_1_394' title='bbox 805 1903 916 1935; x_wconf 90' lang='lat' dir='ltr'>mundi</span> <span class='ocrx_word' id='word_1_395' title='bbox 949 1907 1058 1945; x_wconf 83' lang='lat' dir='ltr'>partes</span> <span class='ocrx_word' id='word_1_396' title='bbox 1093 1907 1125 1934; x_wconf 90' lang='lat' dir='ltr'>et</span> <span class='ocrx_word' id='word_1_397' title='bbox 1152 1903 1333 1944; x_wconf 81' lang='lat' dir='ltr'>provincias</span> <span class='ocrx_word' id='word_1_398' title='bbox 1367 1913 1566 1945; x_wconf 86' lang='lat' dir='ltr'>persequens</span> <span class='ocrx_word' id='word_1_399' title='bbox 1596 1902 1784 1944; x_wconf 81' lang='lat' dir='ltr'>imperiales</span> <span class='ocrx_word' id='word_1_400' title='bbox 1812 1913 1850 1934; x_wconf 84' lang='lat' dir='ltr'>ac</span> 
     </span>
     <span class='ocr_line' id='line_1_34' title="bbox 195 1953 1850 1997; baseline -0.001 -11"><span class='ocrx_word' id='word_1_401' title='bbox 195 1963 321 1986; x_wconf 82' lang='lat' dir='ltr'>sacrum</span> <span class='ocrx_word' id='word_1_402' title='bbox 344 1955 529 1996; x_wconf 84' lang='lat' dir='ltr'>imperium,</span> <span class='ocrx_word' id='word_1_403' title='bbox 557 1955 641 1996; x_wconf 85' lang='lat' dir='ltr'>parti</span> <span class='ocrx_word' id='word_1_404' title='bbox 665 1965 720 1987; x_wconf 85' lang='lat' dir='ltr'>eos</span> <span class='ocrx_word' id='word_1_405' title='bbox 742 1955 950 1997; x_wconf 80' lang='lat' dir='ltr'>inpugnantib</span> <span class='ocrx_word' id='word_1_406' title='bbox 966 1954 1046 1986; x_wconf 82' lang='lat' dir='ltr'>favit</span> <span class='ocrx_word' id='word_1_407' title='bbox 1069 1958 1102 1986; x_wconf 87' lang='lat' dir='ltr'>ct</span> <span class='ocrx_word' id='word_1_408' title='bbox 1125 1955 1240 1994; x_wconf 72' lang='lat' dir='ltr'>favet‘‚</span> <span class='ocrx_word' id='word_1_409' title='bbox 1265 1958 1359 1995; x_wconf 89' lang='lat' dir='ltr'>prout</span> <span class='ocrx_word' id='word_1_410' title='bbox 1382 1957 1431 1986; x_wconf 86' lang='lat' dir='ltr'>est</span> <span class='ocrx_word' id='word_1_411' title='bbox 1454 1953 1614 1986; x_wconf 86' lang='lat' dir='ltr'>notorium</span> <span class='ocrx_word' id='word_1_412' title='bbox 1638 1954 1696 1985; x_wconf 86' lang='lat' dir='ltr'>toti</span> <span class='ocrx_word' id='word_1_413' title='bbox 1720 1953 1850 1994; x_wconf 89' lang='lat' dir='ltr'>mundo,</span> 
     </span>
     <span class='ocr_line' id='line_1_35' title="bbox 194 2004 1851 2048; baseline -0.001 -11"><span class='ocrx_word' id='word_1_414' title='bbox 194 2006 281 2048; x_wconf 85' lang='lat' dir='ltr'>ipsos</span> <span class='ocrx_word' id='word_1_415' title='bbox 306 2005 390 2037; x_wconf 84' lang='lat' dir='ltr'>filios</span> <span class='ocrx_word' id='word_1_416' title='bbox 420 2006 556 2038; x_wconf 86' lang='lat' dir='ltr'>ecclesie</span> <span class='ocrx_word' id='word_1_417' title='bbox 585 2005 794 2038; x_wconf 65' lang='lat' dir='ltr'>karissimosd</span> <span class='ocrx_word' id='word_1_418' title='bbox 818 2005 1013 2048; x_wconf 87' lang='lat' dir='ltr'>appellando</span> <span class='ocrx_word' id='word_1_419' title='bbox 1040 2009 1073 2037; x_wconf 90' lang='lat' dir='ltr'>et</span> <span class='ocrx_word' id='word_1_420' title='bbox 1102 2005 1248 2037; x_wconf 84' lang='lat' dir='ltr'>conando</span> <span class='ocrx_word' id='word_1_421' title='bbox 1279 2015 1336 2046; x_wconf 89' lang='lat' dir='ltr'>pro</span> <span class='ocrx_word' id='word_1_422' title='bbox 1365 2004 1484 2037; x_wconf 79' lang='lat' dir='ltr'>vii-ibus</span> <span class='ocrx_word' id='word_1_423' title='bbox 1514 2004 1688 2046; x_wconf 72' lang='lat' dir='ltr'>subiugat-e</span> <span class='ocrx_word' id='word_1_424' title='bbox 1716 2004 1851 2036; x_wconf 83' lang='lat' dir='ltr'>devotos</span> 
     </span>
    </p>

    <p class='ocr_par' dir='ltr' id='par_1_11' title="bbox 151 2055 1852 2306">
     <span class='ocr_line' id='line_1_36' title="bbox 151 2055 1852 2099; baseline 0 -12"><span class='ocrx_word' id='word_1_425' title='bbox 151 2066 176 2087; x_wconf 66' lang='lat' dir='ltr'>aa</span> <span class='ocrx_word' id='word_1_426' title='bbox 194 2057 322 2099; x_wconf 85' lang='lat' dir='ltr'>imperii</span> <span class='ocrx_word' id='word_1_427' title='bbox 345 2060 378 2089; x_wconf 90' lang='lat' dir='ltr'>et</span> <span class='ocrx_word' id='word_1_428' title='bbox 401 2057 515 2090; x_wconf 83' lang='lat' dir='ltr'>fideles</span> <span class='ocrx_word' id='word_1_429' title='bbox 539 2067 649 2090; x_wconf 88' lang='lat' dir='ltr'>eorum</span> <span class='ocrx_word' id='word_1_430' title='bbox 674 2057 819 2090; x_wconf 81' lang='lat' dir='ltr'>faucibus</span> <span class='ocrx_word' id='word_1_431' title='bbox 842 2056 1054 2097; x_wconf 85' lang='lat' dir='ltr'>devorandos,</span> <span class='ocrx_word' id='word_1_432' title='bbox 1077 2057 1160 2089; x_wconf 80' lang='lat' dir='ltr'>adeo</span> <span class='ocrx_word' id='word_1_433' title='bbox 1177 2056 1281 2098; x_wconf 71' lang='lat' dir='ltr'>quod⁸</span> <span class='ocrx_word' id='word_1_434' title='bbox 1297 2067 1331 2088; x_wconf 87' lang='lat' dir='ltr'>se</span> <span class='ocrx_word' id='word_1_435' title='bbox 1356 2057 1464 2096; x_wconf 85' lang='lat' dir='ltr'>iactat,</span> <span class='ocrx_word' id='word_1_436' title='bbox 1489 2055 1575 2098; x_wconf 91' lang='lat' dir='ltr'>quod</span> <span class='ocrx_word' id='word_1_437' title='bbox 1591 2067 1653 2087; x_wconf 93' lang='lat' dir='ltr'>non</span> <span class='ocrx_word' id='word_1_438' title='bbox 1670 2055 1852 2088; x_wconf 86' lang='lat' dir='ltr'>remanebit</span> 
     </span>
     <span class='ocr_line' id='line_1_37' title="bbox 194 2106 1850 2151; baseline -0.001 -11"><span class='ocrx_word' id='word_1_439' title='bbox 194 2108 227 2140; x_wconf 88' lang='lat' dir='ltr'>in</span> <span class='ocrx_word' id='word_1_440' title='bbox 249 2107 338 2140; x_wconf 86' lang='lat' dir='ltr'>brevi</span> <span class='ocrx_word' id='word_1_441' title='bbox 359 2108 400 2140; x_wconf 88' lang='lat' dir='ltr'>de</span> <span class='ocrx_word' id='word_1_442' title='bbox 424 2109 572 2141; x_wconf 91' lang='lat' dir='ltr'>omnibus</span> <span class='ocrx_word' id='word_1_443' title='bbox 588 2109 824 2151; x_wconf 81' lang='lat' dir='ltr'>imperialibus‘</span> <span class='ocrx_word' id='word_1_444' title='bbox 839 2112 872 2140; x_wconf 87' lang='lat' dir='ltr'>et</span> <span class='ocrx_word' id='word_1_445' title='bbox 895 2109 1051 2150; x_wconf 67' lang='lat' dir='ltr'>imperioss</span> <span class='ocrx_word' id='word_1_446' title='bbox 1067 2107 1297 2140; x_wconf 88' lang='lat' dir='ltr'>adherentibus</span> <span class='ocrx_word' id='word_1_447' title='bbox 1320 2118 1410 2147; x_wconf 76' lang='lat' dir='ltr'>unuS,</span> <span class='ocrx_word' id='word_1_448' title='bbox 1435 2107 1510 2149; x_wconf 88' lang='lat' dir='ltr'>quin</span> <span class='ocrx_word' id='word_1_449' title='bbox 1526 2108 1630 2149; x_wconf 83' lang='lat' dir='ltr'>ipsum</span> <span class='ocrx_word' id='word_1_450' title='bbox 1654 2106 1850 2139; x_wconf 87' lang='lat' dir='ltr'>destruxerit</span> 
     </span>
     <span class='ocr_line' id='line_1_38' title="bbox 195 2158 1850 2203; baseline -0.001 -12"><span class='ocrx_word' id='word_1_451' title='bbox 195 2162 229 2191; x_wconf 84' lang='lat' dir='ltr'>et</span> <span class='ocrx_word' id='word_1_452' title='bbox 251 2159 488 2202; x_wconf 62' lang='lat' dir='ltr'>confunderitb,</span> <span class='ocrx_word' id='word_1_453' title='bbox 511 2162 556 2193; x_wconf 82' lang='lat' dir='ltr'>ita</span> <span class='ocrx_word' id='word_1_454' title='bbox 579 2161 667 2203; x_wconf 90' lang='lat' dir='ltr'>quod</span> <span class='ocrx_word' id='word_1_455' title='bbox 691 2171 785 2192; x_wconf 91' lang='lat' dir='ltr'>nemo</span> <span class='ocrx_word' id='word_1_456' title='bbox 809 2160 850 2192; x_wconf 89' lang='lat' dir='ltr'>de</span> <span class='ocrx_word' id='word_1_457' title='bbox 875 2160 1096 2202; x_wconf 85' lang='lat' dir='ltr'>imperialibus</span> <span class='ocrx_word' id='word_1_458' title='bbox 1113 2163 1146 2191; x_wconf 88' lang='lat' dir='ltr'>et</span> <span class='ocrx_word' id='word_1_459' title='bbox 1160 2159 1299 2201; x_wconf 88' lang='lat' dir='ltr'>imperio</span> <span class='ocrx_word' id='word_1_460' title='bbox 1322 2158 1554 2191; x_wconf 81' lang='lat' dir='ltr'>adherentibus</span> <span class='ocrx_word' id='word_1_461' title='bbox 1577 2163 1675 2200; x_wconf 77' lang='lat' dir='ltr'>atque</span> <span class='ocrx_word' id='word_1_462' title='bbox 1699 2158 1850 2190; x_wconf 80' lang='lat' dir='ltr'>fidelibus</span> 
     </span>
     <span class='ocr_line' id='line_1_39' title="bbox 194 2210 1849 2255; baseline -0.001 -12"><span class='ocrx_word' id='word_1_463' title='bbox 194 2211 384 2252; x_wconf 84' lang='lat' dir='ltr'>remanebit,</span> <span class='ocrx_word' id='word_1_464' title='bbox 409 2212 495 2255; x_wconf 89' lang='lat' dir='ltr'>quod</span> <span class='ocrx_word' id='word_1_465' title='bbox 518 2212 613 2244; x_wconf 88' lang='lat' dir='ltr'>absit.</span> <span class='ocrx_word' id='word_1_466' title='bbox 664 2212 707 2244; x_wconf 82' lang='lat' dir='ltr'>Et</span> <span class='ocrx_word' id='word_1_467' title='bbox 729 2223 787 2243; x_wconf 92' lang='lat' dir='ltr'>nos</span> <span class='ocrx_word' id='word_1_468' title='bbox 811 2222 852 2243; x_wconf 85' lang='lat' dir='ltr'>ex</span> <span class='ocrx_word' id='word_1_469' title='bbox 875 2213 1070 2251; x_wconf 84' lang='lat' dir='ltr'>iuramento,</span> <span class='ocrx_word' id='word_1_470' title='bbox 1101 2211 1187 2253; x_wconf 90' lang='lat' dir='ltr'>quod</span> <span class='ocrx_word' id='word_1_471' title='bbox 1210 2211 1242 2242; x_wconf 94' lang='lat' dir='ltr'>in</span> <span class='ocrx_word' id='word_1_472' title='bbox 1269 2214 1377 2242; x_wconf 79' lang='lat' dir='ltr'>nostra</span> <span class='ocrx_word' id='word_1_473' title='bbox 1401 2210 1613 2242; x_wconf 86' lang='lat' dir='ltr'>coronacione</span> <span class='ocrx_word' id='word_1_474' title='bbox 1641 2210 1849 2251; x_wconf 86' lang='lat' dir='ltr'>prestitimus.</span> 
     </span>
     <span class='ocr_line' id='line_1_40' title="bbox 195 2258 1849 2306; baseline -0.001 -12"><span class='ocrx_word' id='word_1_475' title='bbox 195 2265 343 2295; x_wconf 85' lang='lat' dir='ltr'>tenemur</span> <span class='ocrx_word' id='word_1_476' title='bbox 365 2267 399 2296; x_wconf 85' lang='lat' dir='ltr'>et</span> <span class='ocrx_word' id='word_1_477' title='bbox 421 2263 554 2306; x_wconf 82' lang='lat' dir='ltr'>obligati</span> <span class='ocrx_word' id='word_1_478' title='bbox 577 2274 687 2296; x_wconf 82' lang='lat' dir='ltr'>sumus</span> <span class='ocrx_word' id='word_1_479' title='bbox 709 2264 750 2295; x_wconf 85' lang='lat' dir='ltr'>ad</span> <span class='ocrx_word' id='word_1_480' title='bbox 775 2263 987 2296; x_wconf 87' lang='lat' dir='ltr'>resistendum</span> <span class='ocrx_word' id='word_1_481' title='bbox 1010 2263 1144 2295; x_wconf 88' lang='lat' dir='ltr'>viriliter</span> <span class='ocrx_word' id='word_1_482' title='bbox 1167 2267 1199 2295; x_wconf 85' lang='lat' dir='ltr'>et</span> <span class='ocrx_word' id='word_1_483' title='bbox 1222 2258 1429 2294; x_wconf 72' lang='lat' dir='ltr'>obviandum*</span> <span class='ocrx_word' id='word_1_484' title='bbox 1446 2262 1594 2304; x_wconf 90' lang='lat' dir='ltr'>inpietati</span> <span class='ocrx_word' id='word_1_485' title='bbox 1611 2265 1645 2293; x_wconf 89' lang='lat' dir='ltr'>et</span> <span class='ocrx_word' id='word_1_486' title='bbox 1667 2261 1849 2294; x_wconf 84' lang='lat' dir='ltr'>crudelitati</span> 
     </span>
    </p>

    <p class='ocr_par' dir='ltr' id='par_1_12' title="bbox 151 2312 1849 2358">
     <span class='ocr_line' id='line_1_41' title="bbox 151 2312 1849 2358; baseline -0.001 -12"><span class='ocrx_word' id='word_1_487' title='bbox 151 2323 177 2342; x_wconf 72' lang='grc' dir='ltr'><strong>ω</strong></span> <span class='ocrx_word' id='word_1_488' title='bbox 195 2313 352 2355; x_wconf 80' lang='lat' dir='ltr'>predicte,</span> <span class='ocrx_word' id='word_1_489' title='bbox 375 2325 416 2348; x_wconf 89' lang='lat' dir='ltr'>ue</span> <span class='ocrx_word' id='word_1_490' title='bbox 440 2326 552 2348; x_wconf 80' lang='lat' dir='ltr'>manus</span> <span class='ocrx_word' id='word_1_491' title='bbox 575 2316 674 2358; x_wconf 86' lang='lat' dir='ltr'>ipsius</span> <span class='ocrx_word' id='word_1_492' title='bbox 698 2315 792 2357; x_wconf 88' lang='lat' dir='ltr'>plene</span> <span class='ocrx_word' id='word_1_493' title='bbox 822 2315 976 2357; x_wconf 77' lang='lat' dir='ltr'>sanguine</span> <span class='ocrx_word' id='word_1_494' title='bbox 1001 2318 1033 2347; x_wconf 88' lang='lat' dir='ltr'>et</span> <span class='ocrx_word' id='word_1_495' title='bbox 1056 2316 1180 2347; x_wconf 80' lang='lat' dir='ltr'>animus</span> <span class='ocrx_word' id='word_1_496' title='bbox 1208 2315 1276 2346; x_wconf 85' lang='lat' dir='ltr'>eius</span> <span class='ocrx_word' id='word_1_497' title='bbox 1305 2313 1477 2346; x_wconf 87' lang='lat' dir='ltr'>crudeliter</span> <span class='ocrx_word' id='word_1_498' title='bbox 1506 2312 1636 2345; x_wconf 61' lang='lat' dir='ltr'>sitiens*</span> <span class='ocrx_word' id='word_1_499' title='bbox 1660 2313 1849 2355; x_wconf 79' lang='lat' dir='ltr'>sanguinem</span> 
     </span>
    </p>
   </div>
   <div class='ocr_carea' id='block_1_3' title="bbox 151 2398 1850 2692">
    <p class='ocr_par' dir='ltr' id='par_1_13' title="bbox 297 2398 1848 2435">
     <span class='ocr_line' id='line_1_42' title="bbox 297 2398 1848 2435; baseline -0.003 -7"><span class='ocrx_word' id='word_1_500' title='bbox 297 2398 364 2428; x_wconf 69' lang='grc'>900-</span> <span class='ocrx_word' id='word_1_501' title='bbox 399 2400 422 2433; x_wconf 81' lang='lat'>¹)</span> <span class='ocrx_word' id='word_1_502' title='bbox 445 2410 513 2428; x_wconf 79' lang='lat' dir='ltr'>nova</span> <span class='ocrx_word' id='word_1_503' title='bbox 531 2402 601 2428; x_wconf 76' lang='lat' dir='ltr'>linea</span> <span class='ocrx_word' id='word_1_504' title='bbox 620 2402 650 2434; x_wconf 69' lang='lat'>15</span> <span class='ocrx_word' id='word_1_505' title='bbox 668 2402 769 2435; x_wconf 63' lang='lat' dir='ltr'>signnm</span> <span class='ocrx_word' id='word_1_506' title='bbox 783 2401 949 2434; x_wconf 63' lang='lat' dir='ltr'>paragraphi</span> <span class='ocrx_word' id='word_1_507' title='bbox 967 2400 991 2426; x_wconf 97' lang='grc'>2.</span> <span class='ocrx_word' id='word_1_508' title='bbox 1004 2401 1029 2427; x_wconf 83' lang='lat'>3.</span> <span class='ocrx_word' id='word_1_509' title='bbox 1121 2399 1140 2433; x_wconf 77' lang='lat' dir='ltr'>t)</span> <span class='ocrx_word' id='word_1_510' title='bbox 1159 2401 1292 2426; x_wconf 76' lang='lat' dir='ltr'>manifesto</span> <span class='ocrx_word' id='word_1_511' title='bbox 1314 2400 1339 2426; x_wconf 95' lang='lat'>4.</span> <span class='ocrx_word' id='word_1_512' title='bbox 1433 2400 1459 2431; x_wconf 68' lang='grc'>11)</span> <span class='ocrx_word' id='word_1_513' title='bbox 1478 2408 1511 2426; x_wconf 84' lang='lat' dir='ltr'>se</span> <span class='ocrx_word' id='word_1_514' title='bbox 1530 2399 1592 2426; x_wconf 76' lang='lat' dir='ltr'>add.</span> <span class='ocrx_word' id='word_1_515' title='bbox 1609 2399 1634 2425; x_wconf 88' lang='grc'>2.</span> <span class='ocrx_word' id='word_1_516' title='bbox 1646 2399 1674 2429; x_wconf 75' lang='grc' dir='ltr'>3ς</span> <span class='ocrx_word' id='word_1_517' title='bbox 1694 2400 1728 2431; x_wconf 76' lang='lat' dir='ltr'>es.</span> <span class='ocrx_word' id='word_1_518' title='bbox 1742 2408 1783 2425; x_wconf 78' lang='lat' dir='ltr'>nr.</span> <span class='ocrx_word' id='word_1_519' title='bbox 1792 2402 1848 2424; x_wconf 77' lang='lat'>910.</span> 
     </span>
    </p>

    <p class='ocr_par' dir='ltr' id='par_1_14' title="bbox 197 2441 1848 2477">
     <span class='ocr_line' id='line_1_43' title="bbox 197 2441 1848 2477; baseline -0.001 -9"><span class='ocrx_word' id='word_1_520' title='bbox 197 2441 221 2473; x_wconf 65' lang='lat' dir='ltr'>v)</span> <span class='ocrx_word' id='word_1_521' title='bbox 240 2450 298 2477; x_wconf 81' lang='lat' dir='ltr'>cap.</span> <span class='ocrx_word' id='word_1_522' title='bbox 311 2448 392 2470; x_wconf 76' lang='lat' dir='ltr'>comt.</span> <span class='ocrx_word' id='word_1_523' title='bbox 403 2443 429 2470; x_wconf 86' lang='lat'>4.</span> <span class='ocrx_word' id='word_1_524' title='bbox 442 2442 467 2471; x_wconf 88' lang='lat'>5.</span> <span class='ocrx_word' id='word_1_525' title='bbox 549 2444 579 2476; x_wconf 71' lang='lat'>¹⁷)</span> <span class='ocrx_word' id='word_1_526' title='bbox 597 2445 665 2471; x_wconf 68' lang='lat' dir='ltr'>dean</span> <span class='ocrx_word' id='word_1_527' title='bbox 677 2443 706 2476; x_wconf 83' lang='lat'>2;</span> <span class='ocrx_word' id='word_1_528' title='bbox 725 2453 801 2477; x_wconf 76' lang='lat' dir='ltr'>super</span> <span class='ocrx_word' id='word_1_529' title='bbox 814 2444 933 2470; x_wconf 77' lang='lat' dir='ltr'>videficet</span> <span class='ocrx_word' id='word_1_530' title='bbox 951 2444 1033 2470; x_wconf 73' lang='lat' dir='ltr'>deleto</span> <span class='ocrx_word' id='word_1_531' title='bbox 1045 2443 1074 2474; x_wconf 80' lang='lat'>3;</span> <span class='ocrx_word' id='word_1_532' title='bbox 1094 2443 1211 2468; x_wconf 83' lang='lat' dir='ltr'>videlicet</span> <span class='ocrx_word' id='word_1_533' title='bbox 1223 2442 1248 2468; x_wconf 92' lang='lat'>4.</span> <span class='ocrx_word' id='word_1_534' title='bbox 1261 2442 1286 2468; x_wconf 89' lang='lat'>5.</span> <span class='ocrx_word' id='word_1_535' title='bbox 1368 2443 1394 2473; x_wconf 78' lang='lat'>¹)</span> <span class='ocrx_word' id='word_1_536' title='bbox 1414 2443 1533 2468; x_wconf 77' lang='lat' dir='ltr'>videlicet</span> <span class='ocrx_word' id='word_1_537' title='bbox 1549 2442 1574 2468; x_wconf 93' lang='lat'>4.</span> <span class='ocrx_word' id='word_1_538' title='bbox 1588 2442 1612 2468; x_wconf 90' lang='lat'>5.</span> <span class='ocrx_word' id='word_1_539' title='bbox 1698 2443 1724 2473; x_wconf 72' lang='lat'>5)</span> <span class='ocrx_word' id='word_1_540' title='bbox 1743 2442 1812 2467; x_wconf 59' lang='lat' dir='ltr'>deese</span> <span class='ocrx_word' id='word_1_541' title='bbox 1822 2442 1848 2467; x_wconf 77' lang='lat'>4.</span> 
     </span>
    </p>

    <p class='ocr_par' dir='ltr' id='par_1_15' title="bbox 151 2483 1850 2692">
     <span class='ocr_line' id='line_1_44' title="bbox 197 2483 1849 2519; baseline -0.001 -8"><span class='ocrx_word' id='word_1_542' title='bbox 197 2483 219 2516; x_wconf 82' lang='lat'>¹)</span> <span class='ocrx_word' id='word_1_543' title='bbox 237 2489 263 2511; x_wconf 78' lang='lat' dir='ltr'>st</span> <span class='ocrx_word' id='word_1_544' title='bbox 280 2485 343 2512; x_wconf 77' lang='lat' dir='ltr'>aad.</span> <span class='ocrx_word' id='word_1_545' title='bbox 354 2485 380 2512; x_wconf 84' lang='lat'>4.</span> <span class='ocrx_word' id='word_1_546' title='bbox 461 2487 486 2519; x_wconf 62' lang='grc' dir='ltr'>Ιῑ)</span> <span class='ocrx_word' id='word_1_547' title='bbox 503 2495 552 2513; x_wconf 69' lang='lat' dir='ltr'>sua</span> <span class='ocrx_word' id='word_1_548' title='bbox 569 2487 632 2514; x_wconf 75' lang='lat' dir='ltr'>add.</span> <span class='ocrx_word' id='word_1_549' title='bbox 645 2487 669 2514; x_wconf 81' lang='lat'>4.</span> <span class='ocrx_word' id='word_1_550' title='bbox 683 2487 707 2514; x_wconf 89' lang='grc'>5.</span> <span class='ocrx_word' id='word_1_551' title='bbox 791 2488 815 2519; x_wconf 70' lang='grc' dir='ltr'>Ι’)</span> <span class='ocrx_word' id='word_1_552' title='bbox 834 2496 901 2513; x_wconf 73' lang='lat' dir='ltr'>nova</span> <span class='ocrx_word' id='word_1_553' title='bbox 918 2487 987 2513; x_wconf 75' lang='lat' dir='ltr'>linea</span> <span class='ocrx_word' id='word_1_554' title='bbox 1003 2487 1030 2516; x_wconf 90' lang='lat'>1;</span> <span class='ocrx_word' id='word_1_555' title='bbox 1048 2487 1151 2519; x_wconf 59' lang='lat' dir='ltr'>dynam</span> <span class='ocrx_word' id='word_1_556' title='bbox 1165 2485 1333 2518; x_wconf 73' lang='lat' dir='ltr'>pamqrapm</span> <span class='ocrx_word' id='word_1_557' title='bbox 1350 2485 1375 2512; x_wconf 83' lang='lat'>2.</span> <span class='ocrx_word' id='word_1_558' title='bbox 1388 2485 1413 2512; x_wconf 81' lang='lat'>8.</span> <span class='ocrx_word' id='word_1_559' title='bbox 1495 2486 1519 2517; x_wconf 73' lang='grc' dir='ltr'>θ)</span> <span class='ocrx_word' id='word_1_560' title='bbox 1538 2491 1567 2511; x_wconf 76' lang='lat' dir='ltr'>nt</span> <span class='ocrx_word' id='word_1_561' title='bbox 1584 2485 1609 2511; x_wconf 97' lang='lat'>4.</span> <span class='ocrx_word' id='word_1_562' title='bbox 1622 2488 1647 2511; x_wconf 83' lang='lat'>⁵.</span> <span class='ocrx_word' id='word_1_563' title='bbox 1729 2483 1755 2516; x_wconf 79' lang='lat' dir='ltr'>d)</span> <span class='ocrx_word' id='word_1_564' title='bbox 1774 2486 1849 2510; x_wconf 76' lang='lat' dir='ltr'>Lota-</span> 
     </span>
     <span class='ocr_line' id='line_1_45' title="bbox 196 2527 1848 2561; baseline 0 -8"><span class='ocrx_word' id='word_1_565' title='bbox 196 2527 249 2553; x_wconf 82' lang='lat' dir='ltr'>rius</span> <span class='ocrx_word' id='word_1_566' title='bbox 274 2527 336 2554; x_wconf 76' lang='lat'>⁴.5.</span> <span class='ocrx_word' id='word_1_567' title='bbox 423 2529 447 2561; x_wconf 75' lang='lat'>⁰)</span> <span class='ocrx_word' id='word_1_568' title='bbox 468 2530 602 2556; x_wconf 73' lang='lat' dir='ltr'>Conradus</span> <span class='ocrx_word' id='word_1_569' title='bbox 626 2533 653 2561; x_wconf 81' lang='lat'>1;</span> <span class='ocrx_word' id='word_1_570' title='bbox 681 2531 829 2557; x_wconf 75' lang='lat' dir='ltr'>Commius</span> <span class='ocrx_word' id='word_1_571' title='bbox 852 2530 876 2556; x_wconf 82' lang='lat'>4.</span> <span class='ocrx_word' id='word_1_572' title='bbox 890 2529 915 2556; x_wconf 90' lang='lat'>5.</span> <span class='ocrx_word' id='word_1_573' title='bbox 1007 2528 1026 2560; x_wconf 73' lang='lat' dir='ltr'>f)</span> <span class='ocrx_word' id='word_1_574' title='bbox 1050 2529 1178 2554; x_wconf 74' lang='lat' dir='ltr'>Nomdus</span> <span class='ocrx_word' id='word_1_575' title='bbox 1205 2527 1235 2557; x_wconf 78' lang='lat'>3:</span> <span class='ocrx_word' id='word_1_576' title='bbox 1263 2529 1386 2555; x_wconf 77' lang='lat' dir='ltr'>Ricardus</span> <span class='ocrx_word' id='word_1_577' title='bbox 1407 2528 1432 2554; x_wconf 89' lang='lat'>4.</span> <span class='ocrx_word' id='word_1_578' title='bbox 1454 2528 1478 2554; x_wconf 88' lang='lat'>5.</span> <span class='ocrx_word' id='word_1_579' title='bbox 1579 2528 1604 2559; x_wconf 66' lang='grc' dir='ltr'>Β)</span> <span class='ocrx_word' id='word_1_580' title='bbox 1627 2528 1750 2553; x_wconf 77' lang='lat' dir='ltr'>Alsensus</span> <span class='ocrx_word' id='word_1_581' title='bbox 1776 2527 1800 2553; x_wconf 84' lang='lat'>2.</span> <span class='ocrx_word' id='word_1_582' title='bbox 1823 2527 1848 2553; x_wconf 83' lang='lat'>3.</span> 
     </span>
     <span class='ocr_line' id='line_1_46' title="bbox 151 2568 1848 2606; baseline 0.001 -11"><span class='ocrx_word' id='word_1_583' title='bbox 151 2578 176 2596; x_wconf 64' lang='lat' dir='ltr'>us</span> <span class='ocrx_word' id='word_1_584' title='bbox 195 2568 221 2600; x_wconf 81' lang='lat'>¹¹)</span> <span class='ocrx_word' id='word_1_585' title='bbox 240 2571 364 2598; x_wconf 60' lang='lat' dir='ltr'>affinitur.</span> <span class='ocrx_word' id='word_1_586' title='bbox 383 2571 438 2605; x_wconf 73' lang='lat' dir='ltr'>fore</span> <span class='ocrx_word' id='word_1_587' title='bbox 459 2581 559 2606; x_wconf 71' lang='lat' dir='ltr'>semper</span> <span class='ocrx_word' id='word_1_588' title='bbox 576 2571 600 2599; x_wconf 81' lang='grc'>8.</span> <span class='ocrx_word' id='word_1_589' title='bbox 694 2573 712 2606; x_wconf 79' lang='lat'>¹)</span> <span class='ocrx_word' id='word_1_590' title='bbox 730 2575 874 2599; x_wconf 80' lang='lat' dir='ltr'>Romanum</span> <span class='ocrx_word' id='word_1_591' title='bbox 892 2572 917 2598; x_wconf 78' lang='lat'>4.</span> <span class='ocrx_word' id='word_1_592' title='bbox 930 2572 954 2598; x_wconf 88' lang='lat'>5.</span> <span class='ocrx_word' id='word_1_593' title='bbox 1048 2571 1074 2602; x_wconf 82' lang='lat'>¹¹)</span> <span class='ocrx_word' id='word_1_594' title='bbox 1093 2573 1176 2606; x_wconf 86' lang='lat' dir='ltr'>ipsum</span> <span class='ocrx_word' id='word_1_595' title='bbox 1194 2570 1219 2597; x_wconf 90' lang='lat'>4.</span> <span class='ocrx_word' id='word_1_596' title='bbox 1232 2570 1258 2597; x_wconf 88' lang='lat'>5.</span> <span class='ocrx_word' id='word_1_597' title='bbox 1350 2570 1369 2603; x_wconf 92' lang='lat'>¹)</span> <span class='ocrx_word' id='word_1_598' title='bbox 1387 2571 1455 2597; x_wconf 69' lang='lat' dir='ltr'>decu</span> <span class='ocrx_word' id='word_1_599' title='bbox 1472 2570 1497 2597; x_wconf 84' lang='lat'>4.</span> <span class='ocrx_word' id='word_1_600' title='bbox 1510 2570 1535 2597; x_wconf 86' lang='lat'>5.</span> <span class='ocrx_word' id='word_1_601' title='bbox 1627 2571 1659 2601; x_wconf 72' lang='grc' dir='ltr'>ΙΙ’)</span> <span class='ocrx_word' id='word_1_602' title='bbox 1679 2570 1733 2596; x_wconf 81' lang='lat' dir='ltr'>loco</span> <span class='ocrx_word' id='word_1_603' title='bbox 1752 2579 1797 2604; x_wconf 84' lang='lat' dir='ltr'>pro</span> <span class='ocrx_word' id='word_1_604' title='bbox 1816 2585 1848 2589; x_wconf 94' lang='lat'>—</span> 
     </span>
     <span class='ocr_line' id='line_1_47' title="bbox 195 2612 1850 2650; baseline 0 -12"><span class='ocrx_word' id='word_1_605' title='bbox 195 2614 284 2640; x_wconf 70' lang='lat' dir='ltr'>haberi</span> <span class='ocrx_word' id='word_1_606' title='bbox 301 2613 327 2640; x_wconf 81' lang='lat'>4.</span> <span class='ocrx_word' id='word_1_607' title='bbox 338 2613 369 2640; x_wconf 82' lang='lat'>5:</span> <span class='ocrx_word' id='word_1_608' title='bbox 391 2614 467 2641; x_wconf 80' lang='lat' dir='ltr'>debet</span> <span class='ocrx_word' id='word_1_609' title='bbox 489 2623 544 2642; x_wconf 72' lang='lat' dir='ltr'>eece</span> <span class='ocrx_word' id='word_1_610' title='bbox 568 2615 681 2649; x_wconf 72' lang='lat' dir='ltr'>legitima</span> <span class='ocrx_word' id='word_1_611' title='bbox 699 2616 842 2649; x_wconf 65' lang='lat' dir='ltr'>(legiptime</span> <span class='ocrx_word' id='word_1_612' title='bbox 859 2615 895 2647; x_wconf 88' lang='lat'>4).</span> <span class='ocrx_word' id='word_1_613' title='bbox 968 2617 1008 2650; x_wconf 47' lang='lat'>¹¹¹)</span> <span class='ocrx_word' id='word_1_614' title='bbox 1027 2615 1100 2641; x_wconf 78' lang='lat' dir='ltr'>Fred.</span> <span class='ocrx_word' id='word_1_615' title='bbox 1113 2622 1211 2647; x_wconf 68' lang='lat' dir='ltr'>occiper-</span> <span class='ocrx_word' id='word_1_616' title='bbox 1228 2613 1252 2640; x_wconf 96' lang='grc'>4.</span> <span class='ocrx_word' id='word_1_617' title='bbox 1266 2614 1292 2640; x_wconf 91' lang='grc'>5.</span> <span class='ocrx_word' id='word_1_618' title='bbox 1379 2614 1403 2645; x_wconf 84' lang='lat'>⁰)</span> <span class='ocrx_word' id='word_1_619' title='bbox 1421 2614 1487 2647; x_wconf 70' lang='lat' dir='ltr'>elegi</span> <span class='ocrx_word' id='word_1_620' title='bbox 1510 2613 1536 2639; x_wconf 87' lang='grc'>2.</span> <span class='ocrx_word' id='word_1_621' title='bbox 1550 2612 1575 2640; x_wconf 83' lang='grc'>3.</span> <span class='ocrx_word' id='word_1_622' title='bbox 1663 2613 1687 2644; x_wconf 89' lang='grc' dir='ltr'>Ρ)</span> <span class='ocrx_word' id='word_1_623' title='bbox 1705 2614 1850 2639; x_wconf 75' lang='lat' dir='ltr'>aministra-</span> 
     </span>
     <span class='ocr_line' id='line_1_48' title="bbox 195 2654 1847 2692; baseline -0.001 -10"><span class='ocrx_word' id='word_1_624' title='bbox 195 2657 279 2682; x_wconf 78' lang='lat' dir='ltr'>bimus</span> <span class='ocrx_word' id='word_1_625' title='bbox 298 2654 327 2687; x_wconf 71' lang='grc'>2.,</span> <span class='ocrx_word' id='word_1_626' title='bbox 335 2655 360 2683; x_wconf 85' lang='grc'>3.</span> <span class='ocrx_word' id='word_1_627' title='bbox 442 2657 468 2689; x_wconf 77' lang='lat'>⁴²)</span> <span class='ocrx_word' id='word_1_628' title='bbox 485 2661 512 2684; x_wconf 79' lang='lat' dir='ltr'>et</span> <span class='ocrx_word' id='word_1_629' title='bbox 528 2657 553 2684; x_wconf 77' lang='grc' dir='ltr'>ὃ.</span> <span class='ocrx_word' id='word_1_630' title='bbox 628 2659 651 2690; x_wconf 85' lang='grc'>““)</span> <span class='ocrx_word' id='word_1_631' title='bbox 670 2659 724 2692; x_wconf 78' lang='lat' dir='ltr'>ipse</span> <span class='ocrx_word' id='word_1_632' title='bbox 736 2659 813 2685; x_wconf 72' lang='lat' dir='ltr'>etiam</span> <span class='ocrx_word' id='word_1_633' title='bbox 825 2658 850 2685; x_wconf 89' lang='grc'>2.</span> <span class='ocrx_word' id='word_1_634' title='bbox 862 2658 887 2684; x_wconf 88' lang='grc'>3.</span> <span class='ocrx_word' id='word_1_635' title='bbox 900 2658 925 2684; x_wconf 91' lang='grc'>4.</span> <span class='ocrx_word' id='word_1_636' title='bbox 1005 2658 1026 2690; x_wconf 86' lang='grc'>·)</span> <span class='ocrx_word' id='word_1_637' title='bbox 1039 2658 1173 2683; x_wconf 81' lang='lat' dir='ltr'>Frederico</span> <span class='ocrx_word' id='word_1_638' title='bbox 1185 2657 1211 2683; x_wconf 87' lang='grc'>4.</span> <span class='ocrx_word' id='word_1_639' title='bbox 1224 2656 1249 2683; x_wconf 84' lang='grc'>5.</span> <span class='ocrx_word' id='word_1_640' title='bbox 1331 2657 1351 2688; x_wconf 73' lang='lat'>⁸)</span> <span class='ocrx_word' id='word_1_641' title='bbox 1369 2658 1385 2690; x_wconf 68' lang='grc' dir='ltr'><em>ᾗ</em></span> <span class='ocrx_word' id='word_1_642' title='bbox 1398 2657 1491 2683; x_wconf 77' lang='lat' dir='ltr'>cedens</span> <span class='ocrx_word' id='word_1_643' title='bbox 1508 2656 1534 2682; x_wconf 85' lang='lat'>4.</span> <span class='ocrx_word' id='word_1_644' title='bbox 1617 2656 1642 2685; x_wconf 79' lang='lat'>¹¹)</span> <span class='ocrx_word' id='word_1_645' title='bbox 1661 2664 1708 2681; x_wconf 86' lang='lat' dir='ltr'>suo</span> <span class='ocrx_word' id='word_1_646' title='bbox 1721 2656 1782 2681; x_wconf 77' lang='lat' dir='ltr'>add.</span> <span class='ocrx_word' id='word_1_647' title='bbox 1789 2656 1813 2681; x_wconf 82' lang='grc'>4.</span> <span class='ocrx_word' id='word_1_648' title='bbox 1823 2656 1847 2682; x_wconf 80' lang='lat'>5.</span> 
     </span>
    </p>
   </div>
   <div class='ocr_carea' id='block_1_4' title="bbox 150 2699 1847 2820">
    <p class='ocr_par' dir='ltr' id='par_1_16' title="bbox 150 2699 1847 2820">
     <span class='ocr_line' id='line_1_49' title="bbox 195 2699 1847 2735; baseline -0.001 -10"><span class='ocrx_word' id='word_1_649' title='bbox 195 2699 220 2731; x_wconf 72' lang='lat' dir='ltr'>v)</span> <span class='ocrx_word' id='word_1_650' title='bbox 239 2699 300 2725; x_wconf 85' lang='lat' dir='ltr'>vm</span> <span class='ocrx_word' id='word_1_651' title='bbox 312 2708 394 2726; x_wconf 68' lang='lat' dir='ltr'>annos</span> <span class='ocrx_word' id='word_1_652' title='bbox 411 2699 435 2726; x_wconf 79' lang='lat'>4.</span> <span class='ocrx_word' id='word_1_653' title='bbox 523 2701 555 2732; x_wconf 70' lang='lat' dir='ltr'>W)</span> <span class='ocrx_word' id='word_1_654' title='bbox 573 2702 752 2735; x_wconf 77' lang='lat' dir='ltr'>suprascriptis</span> <span class='ocrx_word' id='word_1_655' title='bbox 769 2700 795 2728; x_wconf 89' lang='grc'>2.</span> <span class='ocrx_word' id='word_1_656' title='bbox 807 2701 831 2727; x_wconf 88' lang='grc'>3.</span> <span class='ocrx_word' id='word_1_657' title='bbox 915 2702 940 2731; x_wconf 81' lang='lat'>¹)</span> <span class='ocrx_word' id='word_1_658' title='bbox 959 2701 1092 2726; x_wconf 72' lang='lat' dir='ltr'>manifeste</span> <span class='ocrx_word' id='word_1_659' title='bbox 1108 2700 1134 2726; x_wconf 89' lang='lat'>4.</span> <span class='ocrx_word' id='word_1_660' title='bbox 1217 2699 1242 2732; x_wconf 67' lang='lat' dir='ltr'>Y)</span> <span class='ocrx_word' id='word_1_661' title='bbox 1261 2700 1310 2725; x_wconf 82' lang='lat' dir='ltr'>nis.</span> <span class='ocrx_word' id='word_1_662' title='bbox 1322 2704 1362 2726; x_wconf 79' lang='lat' dir='ltr'>est</span> <span class='ocrx_word' id='word_1_663' title='bbox 1378 2703 1424 2726; x_wconf 76' lang='lat' dir='ltr'>tot.</span> <span class='ocrx_word' id='word_1_664' title='bbox 1436 2700 1483 2726; x_wconf 76' lang='lat' dir='ltr'>vir.</span> <span class='ocrx_word' id='word_1_665' title='bbox 1496 2699 1523 2725; x_wconf 90' lang='lat'>4.</span> <span class='ocrx_word' id='word_1_666' title='bbox 1535 2699 1560 2725; x_wconf 78' lang='grc' dir='ltr'>ὃ.</span> <span class='ocrx_word' id='word_1_667' title='bbox 1648 2699 1672 2731; x_wconf 86' lang='lat'>⁸)</span> <span class='ocrx_word' id='word_1_668' title='bbox 1691 2700 1804 2732; x_wconf 70' lang='lat' dir='ltr'>elymam</span> <span class='ocrx_word' id='word_1_669' title='bbox 1823 2699 1847 2724; x_wconf 79' lang='lat'>3.</span> 
     </span>
     <span class='ocr_line' id='line_1_50' title="bbox 194 2741 1847 2777; baseline -0.001 -9"><span class='ocrx_word' id='word_1_670' title='bbox 194 2743 218 2773; x_wconf 76' lang='grc' dir='ltr'>Ι·)</span> <span class='ocrx_word' id='word_1_671' title='bbox 237 2751 304 2768; x_wconf 72' lang='grc' dir='ltr'>πονο</span> <span class='ocrx_word' id='word_1_672' title='bbox 328 2743 398 2769; x_wconf 73' lang='lat' dir='ltr'>linea</span> <span class='ocrx_word' id='word_1_673' title='bbox 417 2742 445 2774; x_wconf 70' lang='lat'>13</span> <span class='ocrx_word' id='word_1_674' title='bbox 470 2744 570 2776; x_wconf 70' lang='lat' dir='ltr'>tiquam</span> <span class='ocrx_word' id='word_1_675' title='bbox 592 2744 757 2777; x_wconf 70' lang='lat' dir='ltr'>parcqrapbi</span> <span class='ocrx_word' id='word_1_676' title='bbox 781 2744 806 2770; x_wconf 85' lang='grc'>2.</span> <span class='ocrx_word' id='word_1_677' title='bbox 821 2744 845 2770; x_wconf 82' lang='grc'>8.</span> <span class='ocrx_word' id='word_1_678' title='bbox 939 2743 966 2776; x_wconf 67' lang='grc' dir='ltr'>ι’ὶ</span> <span class='ocrx_word' id='word_1_679' title='bbox 985 2745 1044 2777; x_wconf 86' lang='lat' dir='ltr'>imp.</span> <span class='ocrx_word' id='word_1_680' title='bbox 1061 2743 1086 2769; x_wconf 76' lang='lat'>4.</span> <span class='ocrx_word' id='word_1_681' title='bbox 1103 2743 1127 2769; x_wconf 88' lang='grc'>5.</span> <span class='ocrx_word' id='word_1_682' title='bbox 1205 2743 1228 2775; x_wconf 71' lang='lat'>¹²)</span> <span class='ocrx_word' id='word_1_683' title='bbox 1248 2744 1317 2769; x_wconf 73' lang='lat' dir='ltr'>favet</span> <span class='ocrx_word' id='word_1_684' title='bbox 1335 2747 1361 2769; x_wconf 78' lang='lat' dir='ltr'>et</span> <span class='ocrx_word' id='word_1_685' title='bbox 1379 2743 1445 2768; x_wconf 74' lang='lat' dir='ltr'>favit</span> <span class='ocrx_word' id='word_1_686' title='bbox 1468 2742 1493 2768; x_wconf 89' lang='grc'>2.</span> <span class='ocrx_word' id='word_1_687' title='bbox 1506 2742 1530 2768; x_wconf 83' lang='grc'>3.</span> <span class='ocrx_word' id='word_1_688' title='bbox 1547 2742 1571 2767; x_wconf 82' lang='grc'>4.</span> <span class='ocrx_word' id='word_1_689' title='bbox 1585 2742 1609 2768; x_wconf 89' lang='lat'>5.</span> <span class='ocrx_word' id='word_1_690' title='bbox 1705 2741 1730 2773; x_wconf 78' lang='lat' dir='ltr'>d)</span> <span class='ocrx_word' id='word_1_691' title='bbox 1754 2751 1805 2768; x_wconf 76' lang='lat' dir='ltr'>car.</span> <span class='ocrx_word' id='word_1_692' title='bbox 1822 2742 1847 2767; x_wconf 86' lang='grc'>3.</span> 
     </span>
     <span class='ocr_line' id='line_1_51' title="bbox 150 2784 1846 2820; baseline -0.001 -10"><span class='ocrx_word' id='word_1_693' title='bbox 150 2789 176 2808; x_wconf 66' lang='grc'>50</span> <span class='ocrx_word' id='word_1_694' title='bbox 194 2785 217 2816; x_wconf 76' lang='lat'>⁸)</span> <span class='ocrx_word' id='word_1_695' title='bbox 236 2786 290 2818; x_wconf 85' lang='lat' dir='ltr'>ipse</span> <span class='ocrx_word' id='word_1_696' title='bbox 313 2785 374 2812; x_wconf 76' lang='lat' dir='ltr'>add.</span> <span class='ocrx_word' id='word_1_697' title='bbox 393 2784 419 2811; x_wconf 83' lang='grc'>4.</span> <span class='ocrx_word' id='word_1_698' title='bbox 520 2784 541 2819; x_wconf 71' lang='lat' dir='ltr'>f)</span> <span class='ocrx_word' id='word_1_699' title='bbox 564 2787 624 2820; x_wconf 88' lang='lat' dir='ltr'>imp.</span> <span class='ocrx_word' id='word_1_700' title='bbox 648 2795 716 2812; x_wconf 86' lang='lat' dir='ltr'>omn.</span> <span class='ocrx_word' id='word_1_701' title='bbox 739 2786 764 2812; x_wconf 86' lang='grc'>4.</span> <span class='ocrx_word' id='word_1_702' title='bbox 863 2786 890 2818; x_wconf 69' lang='grc' dir='ltr'>Β)</span> <span class='ocrx_word' id='word_1_703' title='bbox 909 2787 1016 2818; x_wconf 82' lang='lat' dir='ltr'>imperii.</span> <span class='ocrx_word' id='word_1_704' title='bbox 1035 2785 1060 2812; x_wconf 86' lang='lat'>2.</span> <span class='ocrx_word' id='word_1_705' title='bbox 1160 2785 1186 2817; x_wconf 82' lang='lat' dir='ltr'>h)</span> <span class='ocrx_word' id='word_1_706' title='bbox 1209 2786 1354 2812; x_wconf 72' lang='lat' dir='ltr'>confuderit</span> <span class='ocrx_word' id='word_1_707' title='bbox 1383 2784 1408 2811; x_wconf 87' lang='grc'>2.</span> <span class='ocrx_word' id='word_1_708' title='bbox 1434 2785 1458 2811; x_wconf 87' lang='grc'>3.</span> <span class='ocrx_word' id='word_1_709' title='bbox 1480 2785 1506 2811; x_wconf 78' lang='grc'>4.</span> <span class='ocrx_word' id='word_1_710' title='bbox 1609 2785 1627 2818; x_wconf 79' lang='lat'>¹)</span> <span class='ocrx_word' id='word_1_711' title='bbox 1651 2786 1790 2810; x_wconf 70' lang='lat' dir='ltr'>ovisudum</span> <span class='ocrx_word' id='word_1_712' title='bbox 1822 2784 1846 2809; x_wconf 74' lang='lat'>⁴2.</span> 
     </span>
    </p>
   </div>
   <div class='ocr_carea' id='block_1_5' title="bbox 194 2827 1640 2905">
    <p class='ocr_par' dir='ltr' id='par_1_17' title="bbox 194 2827 1640 2905">
     <span class='ocr_line' id='line_1_52' title="bbox 194 2827 383 2854; baseline 0 0"><span class='ocrx_word' id='word_1_713' title='bbox 194 2827 218 2854; x_wconf 65' lang='lat' dir='ltr'>kl</span> <span class='ocrx_word' id='word_1_714' title='bbox 237 2828 341 2854; x_wconf 73' lang='lat' dir='ltr'>scitisne</span> <span class='ocrx_word' id='word_1_715' title='bbox 358 2827 383 2854; x_wconf 78' lang='lat'>4.</span> 
     </span>
     <span class='ocr_line' id='line_1_53' title="bbox 1591 2878 1640 2905; baseline -0.02 0"><span class='ocrx_word' id='word_1_716' title='bbox 1591 2878 1640 2905; x_wconf 65' lang='lat'>92*</span> 
     </span>
    </p>
   </div>
  </div>
 </body>
</html>
