2190 3172
470 206 566 235 ACTA
584 206 697 235 amm
714 206 900 235 LUDEWICI
919 206 966 234 lv.
984 206 1031 234 m*
1048 205 1233 234 FRIDERICI
1250 206 1300 233 111.
1338 205 1412 234 1816.
1449 206 1498 234 Nr.
1510 206 1568 234 864.
1587 207 1647 234 365.
1820 211 1882 241 305

233 294 370 336 imperio
400 294 614 338 disposuimus
644 295 811 337 atrahere,
845 295 975 327 allicere
1010 298 1043 328 et
1076 294 1259 336 nuptiarum
1293 293 1423 335 placare
1458 293 1619 336 probabili
1650 294 1882 336 blandimento,

234 345 399 390 debea[n]t
421 347 651 389 complacere⁰.
690 347 750 379 llla'
772 347 892 389 quippe
916 346 958 378 ad
978 345 1107 379 laudem
1127 348 1251 377 tantum
1275 345 1357 378 sacri
1375 344 1516 377 Romani
1538 346 1665 388 imperii
1689 350 1723 378 et
1745 347 1883 379 comoda

234 397 401 430 salutifera
424 398 644 441 principaliter
666 402 773 431 vestra
795 402 829 431 et
851 398 987 430 aliorum
1010 401 1191 430 nostrorum
1214 398 1400 440 peregimus
1421 397 1637 438 subditorum,
1666 408 1723 441 pro
1747 410 1883 440 quorum

234 450 344 492 quiete
367 450 528 493 inquietas
550 454 660 483 noctes
683 450 840 493 elegimus
863 450 982 482 ducere
1005 455 1038 482 et
1059 450 1236 490 insomnes,
1267 451 1300 481 et
1328 458 1370 481 ex
1393 448 1479 481 dicto
1503 460 1632 492 quoque
1656 450 1768 483 federe
1791 451 1884 483 nobis

201 510 213 530 s
233 511 385 534 coronam
408 501 511 544 glorie
533 501 689 544 vobisque
713 502 833 534 solacia
860 503 950 544 pacis
980 505 1013 534 et
1040 501 1278 534 delectamenta
1309 501 1427 543 quietis
1456 504 1546 533 tanto
1573 501 1695 534 firmius
1722 502 1884 535 credimus

232 553 418 595 provenire,
442 557 562 596 quanto
584 554 788 586 verisimilius
810 554 866 586 illa
887 553 980 586 nobis
1003 556 1219 596 preconcepte
1242 554 1312 595 spei
1335 553 1482 595 preludia
1503 555 1737 596 repromittunt.
1784 554 1826 587 Et
1848 559 1884 587 ut

232 605 322 648 pacis
350 605 562 648 tranquillitas
584 605 696 638 vobis?
719 606 882 638 efficacius
910 609 1112 648 procuretur,
1145 615 1223 637 sana
1246 609 1374 637 vestra⁴¹
1400 606 1533 637 consilia
1565 605 1606 638 de
1630 607 1690 638 viis
1719 610 1752 639 et
1778 607 1884 639 modis

234 656 277 689 ad
299 657 377 689 hoc¹
399 658 549 700 congruis
574 658 683 690 nobis·
706 659 852 690 novimus
878 661 1037 700 oportuna
1069 661 1102 690 et
1124 667 1182 700 pro
1205 657 1415 699 requisitione
1438 658 1551 690 vestri‘
1574 658 1698 690 consilii
1726 659 1884 691 mittimus

233 707 275 741 ad
298 713 377 740 vos*
398 709 603 741 honorabiles
618 710 703 741 viros
718 710 906 752 magistrum
923 709 1128 751 Io(hannem)
1152 709 1194 741 de
1206 708 1337 741 Verona
1356 709 1513 751 phisicam
1536 710 1724 742 canonicum
1746 711 1883 744 ecclesie

189 768 214 790 ιο
232 760 388 793 Meteusis
410 761 625 793 consiliarium
648 764 681 793 et
697 761 910 793 familiarem*
932 771 1055 794 necnon
1071 761 1297 793 Fridericum'
1320 761 1508 793 canonicum
1532 761 1669 794 ecclesie
1686 762 1884 795 Frisacensis

231 813 421 855 magistrum
455 822 584 845 camere
615 813 724 845 inclite
751 812 960 845 Elisabethe¹
986 812 1207 846 Romanorum
1237 813 1350 855 regine
1382 814 1538 845 consortis
1571 817 1680 846 nostre
1708 816 1882 855 carissime,

232 863 369 896 dilectos
391 866 530 905 nostros,
561 864 675 906 quibus
697 875 794 906 super
816 865 979 906 premissis
1006 867 1039 897 et
1066 864 1137 896 aliis
1165 865 1261 897 fidem
1285 865 1414 907 placeat
1435 865 1620 898 adhiberer.
1666 866 1883 909 Requirentes

232 918 266 948 et
294 919 458 958 rogantes,
493 919 530 947 ut
561 925 620 958 per
647 919 772 948 vestros
799 919 924 948 certos·
952 916 1084 949 nuncios
1116 926 1213 958 super
1243 916 1412 958 prelibatis
1445 917 1538 949 nobis
1571 918 1713 950 curetis·
1741 923 1882 951 vestrum

231 967 381 1000 mittereb
398 967 564 1000 consilium
589 970 622 999 et
637 978 836 1009 responsum,
860 970 1050 1010 cooptantes
1065 973 1141 1000 vos⁰
1157 967 1343 1001 obedientie
1366 971 1400 1000 et
1415 968 1564 1001 fidelitati
1579 969 1672 1002 nobis
1695 974 1728 1002 et
1748 971 1884 1013 imperio

189 1026 214 1046 ¹⁶
234 1019 344 1052 debite
373 1023 439 1051 tam
468 1022 617 1062 prompte
645 1024 776 1062 tamque
805 1019 938 1062 devote,
969 1023 1004 1052 ut
1032 1019 1188 1062 perinded
1212 1023 1320 1052 nostra
1349 1020 1502 1053 maiestas
1527 1022 1671 1063 gratiosa
1694 1022 1803 1054 vobis‘
1826 1034 1885 1065 per

233 1071 341 1103 omnia
362 1071 498 1103 inveniri
520 1071 642 1103 debeat
664 1074 697 1103 et
720 1071 868 1113 benigna.

341 1127 429 1160 Dat!
451 1127 605 1168 Scafusie,
628 1127 690 1159 ΙΙ.Β
705 1127 778 1160 Kal.
795 1127 879 1168 Iulii,
903 1129 994 1170 regni
1017 1129 1117 1160 nostri
1140 1139 1224 1160 anno
1247 1128 1396 1160 secundo.

571 1259 655 1297 365.
697 1261 855 1297 Provisio
882 1260 1029 1297 civitatis
1061 1259 1271 1296 Ter-minae.
1376 1261 1468 1306 Auq.
1488 1262 1545 1297 30.

347 1334 444 1376 Copia
468 1335 522 1377 (c.)
546 1335 581 1367 in
603 1334 766 1367 ‘Raccolta
788 1334 888 1368 Scoti’
911 1337 982 1367 tom.
1006 1334 1037 1366 V
1046 1345 1083 1375 p.
1099 1334 1173 1366 246.
1201 1354 1241 1358 —
1271 1334 1333 1367 Ed.
1357 1334 1448 1367 Verci
1469 1335 1489 1367 l.
1506 1347 1532 1367 c.
1557 1335 1653 1375 VIII,
1677 1339 1719 1368 15
1740 1347 1790 1370 nr.
1807 1339 1881 1370 806.

188 1398 216 1418 ro
234 1386 415 1419 Editionem
436 1387 614 1427 repetimus.

345 1442 395 1485 Cf.
419 1441 487 1474 alia
513 1442 646 1475 consilia
674 1453 696 1475 α
723 1453 883 1475 commune
905 1442 1015 1474 habita
1044 1442 1135 1475 Verci
1161 1442 1180 1475 l.
1199 1453 1225 1475 c.
1247 1453 1282 1483 p.
1305 1443 1347 1474 12
1377 1454 1426 1477 nr.
1442 1445 1506 1475 805
1536 1445 1581 1486 (d.
1602 1446 1654 1476 24.
1670 1456 1710 1477 m.
1727 1446 1827 1487 Any.)
1853 1450 1883 1479 et

226 1505 263 1535 p.
280 1494 322 1526 16
344 1504 393 1526 nr.
410 1495 475 1526 807
497 1494 542 1535 (d.
559 1494 610 1526 12.
626 1505 666 1526 m.
683 1494 798 1536 Sept),
822 1495 956 1535 itemque
978 1505 1015 1526 ea
1037 1504 1118 1535 quac
1139 1497 1294 1527 notantur
1314 1495 1350 1527 in
1372 1495 1614 1529 Provisionibus
1634 1500 1764 1529 senatus
1786 1498 1881 1531 Vene-

233 1546 317 1578 tiami
338 1547 404 1578 iam
431 1546 612 1588 deperditis,
642 1557 779 1587 quarum
808 1546 952 1578 rubricas
978 1545 1117 1587 vulqam't
1142 1546 1181 1578 G.
1200 1546 1312 1579 Giomo
1335 1546 1391 1579 ‘Le
1412 1547 1576 1580 Rubriche
1598 1549 1650 1580 dei
1671 1549 1765 1581 Libri
1787 1550 1883 1583 Misti

233 1598 283 1631 del
298 1598 413 1631 Senato
432 1598 574 1638 perduti'
591 1598 768 1639 (‘Archivio
787 1597 911 1630 Veneto’
929 1598 1015 1630 Tom.
1031 1599 1082 1630 24.
1104 1598 1216 1638 (Anno
1229 1598 1331 1640 XII.)
1351 1609 1423 1640 pay.
1439 1600 1513 1638 310,
1537 1600 1581 1631 ad
1602 1601 1694 1633 cuius
1716 1602 1883 1634 editionem

189 1665 215 1686 ‚s
233 1650 326 1683 verba
346 1650 397 1682 hic
419 1650 632 1691 adiunyimus.
678 1650 814 1690 Sumpta
840 1653 917 1682 sunt
945 1661 983 1682 ex
1010 1650 1089 1682 libro
1112 1650 1173 1683 IV.
1195 1651 1253 1683 sub
1274 1650 1370 1683 rubro
1398 1651 1581 1694 Imperator
1603 1652 1825 1686 Romanorum
1849 1658 1883 1686 et

232 1701 418 1734 Alamania:

339 1753 589 1796 Respondentur
617 1753 884 1786 ambaxatoribus
914 1754 1033 1786 domini
1064 1754 1213 1787 Federici
1236 1754 1456 1787 Romanorum
1486 1757 1572 1798 regis
1601 1756 1643 1788 ad
1672 1757 1881 1790 ambaxatam

235 1815 326 1838 suam
350 1809 384 1838 et
405 1815 502 1848 super
524 1805 610 1838 facto
634 1806 751 1838 sororis
774 1817 831 1838 sue
855 1816 971 1848 sponse
994 1805 1051 1838 filii
1075 1806 1160 1848 regis
1183 1806 1327 1839 Roberti.

341 1891 388 1934 (1)
414 1891 477 1924 Die
507 1892 684 1934 penultimo
711 1893 851 1935 Augusti
881 1893 1014 1924 consilio
1044 1891 1125 1924 CCC
1154 1892 1293 1924 civitatis
1322 1892 1515 1935 Ter(visine)
1551 1895 1582 1926 in
1613 1895 1729 1927 minori
1758 1896 1881 1938 palatio

191 1960 216 1981 ω
235 1942 312 1975 dicti
335 1944 478 1976 comunis
501 1954 608 1976 coram
636 1945 700 1976 iam
732 1944 817 1976 dicto
841 1944 970 1976 domino
994 1945 1148 1986 potestati
1177 1944 1219 1976 ad
1246 1955 1358 1976 sonum
1383 1955 1539 1988 campane
1571 1950 1603 1978 et
1626 1957 1705 1979 voce
1729 1949 1882 1989 preconia

232 2005 323 2028 more
339 1995 432 2028 solito
449 1998 646 2039 congregato
662 1997 813 2039 proponit
835 1996 921 2028 idem
939 1996 1086 2028 dominus
1102 1999 1246 2038 potestas
1270 2000 1303 2028 et
1325 1997 1430 2039 poscit
1451 1997 1512 2029 sibi
1536 1998 1702 2030 consilium
1723 1999 1881 2040 exhiberi,

234 2046 311 2089 quid
334 2046 441 2080 facere
468 2047 589 2080 habeat
618 2058 715 2090 super
740 2047 944 2090 infrascripta
967 2048 1164 2090 provisione,
1196 2059 1267 2080 cum
1295 2049 1376 2080 alias
1405 2049 1564 2081 firmatum
1594 2050 1691 2082 suerit
1720 2062 1778 2092 per
1805 2062 1881 2084 con·

233 2098 338 2139 silium
363 2097 458 2140 CCC,
488 2099 574 2142 quod
603 2099 758 2142 quidquid
786 2100 870 2132 foret
896 2110 954 2142 per
976 2100 1196 2142 infrascriptos
1219 2101 1382 2142 sapientes
1405 2101 1581 2143 provisum,
1613 2101 1748 2134 deberet
1770 2103 1880 2136 reduci

234 2149 276 2182 ad
298 2161 432 2193 presens
453 2151 620 2183 consilium
644 2151 735 2184 CCC.

191 2219 216 2239 ‚5
342 2201 390 2244 (2)
413 2202 520 2235 Tener
542 2206 650 2236 autem
676 2203 820 2235 eiusdem
844 2204 1033 2245 provisionis
1057 2202 1129 2234 talis
1152 2207 1216 2235 est:

340 2253 378 2286 In
400 2253 464 2286 Dei
486 2255 614 2287 nomine
639 2265 743 2287 amen.

341 2305 518 2338 Provident
546 2307 709 2348 sapientes
738 2306 780 2338 ad
808 2306 869 2338 hoc
897 2306 1006 2340 electi.
1041 2306 1128 2348 quod
1158 2306 1200 2338 ad
1230 2306 1354 2340 litteras
1385 2311 1419 2340 et
1447 2308 1655 2341 ambaxntam
1686 2310 1880 2342 serenissimi

235 2357 386 2399 principis
420 2357 540 2390 domini
571 2357 726 2390 Friderici
755 2358 974 2390 Romanorum
1004 2358 1089 2400 regis
1123 2368 1251 2400 semper
1283 2361 1412 2402 augusti
1443 2360 1500 2392 fiat
1532 2362 1697 2403 responsio
1730 2362 1760 2394 in
1796 2362 1879 2393 hunc

235 2407 366 2441 modum
388 2419 447 2450 per
468 2408 631 2442 dominum
652 2413 857 2452 potestatem,
881 2410 1036 2451 antianos,
1061 2410 1217 2450 consules,
1241 2411 1407 2443 consilium
1431 2415 1465 2444 et
1479 2422 1616 2444 comune
1632 2413 1878 2455 Ter(visinum):

192 2475 218 2495 ω
386 2464 419 2496 (1)
441 2460 583 2494 Poscant
597 2471 736 2504 namque
753 2461 985 2504 supplicatione
1003 2462 1166 2503 precipua,
1189 2466 1225 2494 ut
1239 2461 1379 2494 Trinitas
1394 2463 1559 2496 individua
1583 2468 1615 2496 et
1631 2475 1727 2507 super
1743 2465 1881 2497 celestes

278 2510 398 2544 incolas
426 2511 486 2554 ipsi
516 2511 646 2545 domino
673 2514 807 2555 principi
838 2514 903 2545 vite
931 2513 1069 2555 longcve
1101 2517 1134 2545 et
1161 2517 1271 2555 optate
1302 2514 1414 2546 salutis
1443 2515 1562 2557 gaudia
1590 2516 1750 2557 conferat,
1780 2516 1880 2557 ipsius

279 2561 472 2596 desiderium
501 2567 534 2596 et
559 2565 647 2606 pium
670 2565 870 2607 propositum
893 2565 1062 2597 coroboret
1086 2565 1127 2596 ad
1151 2565 1255 2597 litium
1278 2566 1447 2598 incomoda
1471 2567 1666 2606 decidenda,
1690 2578 1879 2609 guerrarum

337 2655 403 2684 8⁰4.
431 2657 456 2690 ⁰)
473 2666 534 2684 nou
551 2659 687 2685 debeant
703 2659 881 2693 displacere
899 2660 923 2685 2.
1012 2660 1038 2691 Ρ)
1057 2665 1111 2686 tua
1130 2660 1155 2686 2.
1240 2660 1265 2691 ιι)
1283 2661 1330 2687 hec
1348 2660 1372 2688 2.
1460 2661 1482 2695 1·)
1500 2662 1590 2688 ultra
1609 2662 1633 2689 2.
1724 2663 1744 2694 ¹)
1764 2663 1837 2687 vobis
1857 2662 1879 2687 l.

237 2699 256 2731 2)
275 2701 320 2726 tui
339 2700 363 2727 2.
458 2700 485 2733 ¹¹)
503 2705 532 2727 te
549 2701 574 2727 2.
675 2701 701 2735 V)
718 2707 859 2728 nostrum
878 2703 941 2729 add.
960 2703 984 2729 2.
1081 2705 1112 2735 w)
1131 2705 1167 2730 de
1185 2703 1347 2736 BloiateO)
1364 2705 1427 2730 odd.
1446 2705 1471 2731 2.
1570 2705 1595 2739 ¹)
1614 2706 1751 2731 Catherine
1771 2707 1836 2731 male
1857 2706 1879 2731 l.

191 2754 217 2773 45
236 2743 262 2774 y)
280 2744 395 2770 adhiberi
413 2743 438 2770 ⁶2.
543 2744 565 2776 ¹)
583 2748 665 2770 certos
682 2750 752 2771 tuos
770 2745 794 2771 2.
899 2747 923 2775 ⁸)
947 2755 1037 2772 cures
1056 2745 1079 2772 2.
1186 2746 1210 2778 b)
1229 2747 1366 2773 remittere
1385 2753 1458 2774 tuum
1478 2748 1502 2774 2.
1610 2749 1633 2778 ι“)
1652 2754 1788 2781 coaptans
1808 2754 1836 2774 te
1855 2748 1878 2773 2.

235 2784 261 2817 (¹)
278 2787 395 2813 abinde
413 2787 438 2813 2.
534 2787 557 2819 0)
575 2788 635 2813 tibi
654 2787 678 2814 2.
773 2788 794 2820 s)
813 2790 880 2815 Data
900 2790 928 2820 13
951 2790 1046 2815 Datum
1066 2789 1089 2815 2.
1189 2790 1213 2821 Β)
1233 2791 1254 2815 X
1275 2790 1302 2822 1,
1327 2789 1396 2823 quod
1413 2800 1527 2817 morem
1546 2792 1700 2825 typoymplu'
1718 2800 1782 2822 ene,
1807 2800 1878 2816 nemo

234 2835 270 2855 eet
288 2830 348 2863 quin
366 2830 458 2856 videat.

338 2893 377 2912 u..
389 2893 614 2912 cesarum-ione
626 2894 650 2912 v.
1639 2889 1671 2915 39
