2190 3172
306 170 368 201 236

305 257 371 295 ret,
410 257 484 287 tunc
525 255 781 294 coronationem,
819 254 1038 286 inunctionem
1075 256 1109 285 et

306 305 462 346 officium,
503 317 566 348 que
597 305 746 337 facienda
775 306 993 337 inminebant⁰
1024 305 1109 336 circa

306 367 477 398 personam
521 357 666 390 eiusdem
708 357 804 388 electi
848 367 907 398 per
944 356 1108 388 dominum

306 408 557 451 Moguntinu(m)
574 409 783 449 antedictum,
808 419 849 440 ex
869 408 1000 440 arbitrio
1025 409 1108 439 eius-

307 459 382 492 dem
410 460 506 492 electi
536 461 664 492 nomine
695 460 817 491 domini
840 459 1047 491 Treverensis
1077 462 1110 491 et

307 512 376 543 eius
405 512 542 543 ecclesie
572 514 604 543 et
632 522 690 553 pro
714 512 784 553 ipso
806 511 937 543 fecisset
961 514 993 543 et
1017 511 1109 542 exhi-

306 563 428 595 buisset
450 573 488 595 ac
516 563 602 594 idem
626 563 834 604 Moguntinus
856 563 905 594 ius
927 562 1109 604 predictum

306 618 492 655 competere
509 614 639 646 domino
656 615 848 646 Treverensi
871 618 903 647 et
920 615 987 646 eius
1004 613 1108 646 eccle-

306 666 362 707 sie,
387 669 483 707 prout
498 666 540 697 ab
558 677 597 697 eo
613 667 749 708 petitum
767 667 930 707 extiterat,
951 675 1108 707 recogno-

305 727 396 749 scere
421 717 566 749 deberet.

371 873 400 903 3.
429 871 532 913 Super
545 871 659 913 quibus
674 871 774 903 iidem
787 871 910 903 electus
927 875 960 903 et
971 872 1108 913 Mogun-

305 923 390 954 tinus
420 948 427 955 .
449 948 455 954 .
485 923 747 964 archiepiscopus
777 934 851 955 suas
878 924 1002 955 litteras
1030 923 1108 955 dare

305 975 531 1016 promiserunt.
554 974 770 1006 Probationes
786 979 895 1007 autem
907 975 1011 1007 nullas
1026 975 1109 1007 infra

305 1036 450 1058 mensem
474 1026 655 1068 predictum
681 1037 779 1069 super
801 1027 965 1068 premissis
992 1037 1011 1058 a
1034 1037 1108 1069 pre-

306 1077 373 1109 fato
398 1103 405 1110 .
429 1102 436 1109 .
460 1077 704 1119 archiepiscopo
728 1078 918 1120 Moguntino
949 1078 1018 1110 fore
1051 1089 1108 1110 ex-

305 1129 425 1161 hibitas
449 1130 644 1161 estimamus.

370 1389 399 1418 4.
433 1387 605 1419 Premissis
621 1391 730 1419 autem
749 1388 897 1419 omnibus
921 1391 954 1420 et
976 1387 1110 1429 singulis

305 1449 363 1470 nos
391 1439 574 1471 interfuisse
603 1440 863 1481 recognoscimus
890 1450 948 1481 per
976 1450 1110 1481 presen-

306 1492 365 1521 tes.
487 1491 524 1521 In
563 1501 700 1532 quorum
743 1492 960 1523 testimonium
1004 1491 1110 1533 sigilla

305 1545 415 1573 nostra
438 1542 642 1583 presentibus
666 1542 817 1574 duximus
840 1543 1044 1585 apponenda.

371 1593 492 1625 Datum
517 1593 661 1636 Syberch
684 1594 796 1627 Goion.
822 1595 919 1633 dioc.,
950 1595 1002 1627 die
1026 1605 1110 1626 nona

304 1644 393 1685 Maii,
418 1655 501 1677 anno
525 1645 656 1678 Domini
679 1646 850 1678 millesimo
875 1645 957 1678 OOC
982 1647 1110 1688 quinto-

305 1696 442 1728 decimo.

539 168 637 195 ACTA
656 168 770 195 REGNI
790 167 975 195 LUDEWICI
995 167 1040 195 IV.
1059 166 1105 194 ET
1125 166 1310 194 FRIDERICI
1329 166 1379 194 111.
1415 167 1491 194 1315.
1527 167 1576 195 Nr.
1589 167 1648 195 272.
1667 167 1727 195 273.

1161 252 1248 284 dicta
1281 256 1467 295 competere
1504 253 1601 295 plene
1638 254 1778 296 probare
1816 255 1962 287 deberet.

1162 303 1258 340 Quod
1280 305 1307 335 si
1328 305 1362 336 in
1384 305 1575 346 probatione
1595 307 1825 347 premissorum
1842 306 1961 339 defice-

1161 359 1225 395 ret,
1270 359 1345 388 tunc
1382 357 1637 398 coronationem,
1674 357 1892 390 inunctionem
1929 360 1964 389 et

1162 406 1317 448 officium,
1352 418 1415 450 que
1449 407 1598 439 facienda
1630 408 1842 440 imminebant
1878 409 1963 441 circa

1162 469 1334 501 personam
1376 459 1522 490 eiusdem
1565 459 1661 491 electi
1701 470 1761 502 per
1798 460 1963 494 dominum
1993 472 2006 491 ι

1161 511 1384 552 Moguntinum
1409 509 1622 551 antedictum,
1653 521 1695 542 ex
1718 511 1851 544 arbitrio
1879 513 1963 545 eius-

1162 562 1237 593 dem
1268 562 1363 593 electi
1393 562 1521 593 nomine
1550 561 1671 594 domini
1694 562 1901 596 Treverensis
1932 567 1965 596 et

1163 614 1232 645 eius
1256 613 1393 645 ecclesie
1422 616 1455 644 et
1482 623 1540 654 pro
1563 614 1634 655 ipso
1657 614 1789 646 fecisset
1817 618 1850 646 et
1871 615 1964 647 exhi-

1161 665 1285 696 buisset
1307 675 1346 696 ac
1367 663 1455 696 idem
1477 664 1686 706 Moguntinus
1711 666 1760 697 ius
1782 666 1963 708 predictum

1161 719 1348 759 competere
1365 716 1495 747 domino
1508 716 1700 748 Treverensi
1720 721 1753 749 et
1772 718 1840 749 eius
1857 718 1962 750 eccle·
1982 732 2006 752 ιο

1162 770 1218 810 sie,
1239 772 1335 810 prout
1350 768 1391 800 ab
1409 778 1448 799 eo
1464 768 1601 809 petitum
1618 769 1783 809 extiterat,
1806 779 1963 812 recogno·

1162 831 1252 852 scere
1277 820 1428 852 debebat.

1228 874 1256 904 3.
1286 871 1390 913 Super
1402 871 1518 913 quibus
1529 871 1628 903 iidem
1642 872 1765 903 electus
1781 876 1815 903 et
1825 871 1963 915 Mogun-

1161 924 1246 955 tinus
1274 947 1282 955 .
1304 947 1311 955 .
1340 923 1602 965 archiepiscopus
1632 933 1706 955 snas
1733 924 1858 956 litteras
1885 923 1963 956 dare

1162 976 1385 1017 promiserunt.
1410 974 1626 1006 Probationes
1641 978 1750 1007 autem
1765 974 1869 1006 nullas
1880 974 1963 1006 infra
1982 990 2007 1009 ιε

1162 1037 1307 1058 mensem
1330 1026 1511 1068 predictum
1535 1036 1633 1068 super
1655 1027 1819 1068 premissis
1847 1037 1867 1058 a
1889 1037 1964 1068 pre-

1161 1077 1229 1109 fato
1253 1101 1260 1109 .
1283 1103 1290 1110 .
1315 1078 1559 1120 archiepiscopo
1585 1078 1775 1119 Moguntino
1806 1078 1876 1110 fore
1906 1088 1964 1110 ex-

1162 1129 1280 1161 hibitas
1305 1130 1506 1170 estimamus,
1534 1139 1607 1161 cum
1630 1140 1806 1171 numquam
1833 1130 1964 1162 sciveri-

1161 1191 1233 1212 mus
1275 1184 1332 1212 aut
1372 1180 1588 1213 audiverimus
1633 1180 1755 1212 dictum
1799 1180 1964 1213 dominum

1162 1232 1397 1264 Treverensem
1430 1232 1473 1264 ad
1501 1232 1563 1264 hoc
1589 1232 1688 1264 fuisse
1719 1235 1870 1264 vocatum
1904 1243 1964 1264 nec
1983 1245 2008 1265 πο

1162 1284 1287 1326 aliquas
1302 1284 1510 1326 probationes
1532 1294 1630 1325 super
1644 1284 1808 1325 premissis
1831 1284 1873 1316 ab
1892 1285 1963 1326 ipso

1163 1336 1293 1368 domino
1316 1335 1505 1378 Moguntino
1528 1334 1704 1377 productas
1727 1335 1884 1367 extitisse.

1227 1390 1257 1418 4.
1284 1387 1456 1419 Premissis
1471 1389 1580 1418 autem
1604 1386 1752 1418 omnibus
1776 1389 1809 1418 et
1831 1387 1965 1429 singulis

1162 1450 1220 1471 nos
1247 1438 1431 1470 interfuisse
1460 1438 1721 1480 recognoscimus
1751 1448 1810 1480 per
1831 1449 1965 1480 presen-

1163 1494 1222 1523 tes.
1344 1491 1381 1522 In
1420 1501 1556 1532 quorum
1597 1490 1818 1522 testimonium
1860 1490 1966 1532 sigilla
1984 1503 2010 1523 25

1163 1546 1272 1574 nostra
1294 1542 1497 1584 presentibus
1521 1541 1671 1573 duximus
1695 1541 1900 1583 apponenda.

1228 1593 1302 1626 Dat.
1326 1593 1470 1635 Syberch
1487 1593 1653 1625 Colonien.
1678 1592 1781 1634 dyoc.‚
1805 1593 1858 1624 die
1881 1603 1966 1625 nona

1162 1646 1251 1686 Maii,
1274 1656 1358 1677 anno
1381 1645 1512 1677 Domini
1534 1644 1706 1677 millesimo
1731 1643 1813 1676 CCC
1838 1645 1964 1687 quinto-

1164 1698 1300 1729 decimo.

397 1933 644 1977 273—275.
690 1930 983 1978 SCRIPTA
1011 1930 1315 1977 CONRADI
1342 1930 1428 1976 DE
1458 1928 1878 1976 HOHENLOCH
1984 1944 2010 1964 ³⁰

786 1996 867 2041 ΕΤ
896 1994 1239 2041 LUDEWICI
1272 1993 1489 2041 REGIS.

643 2077 751 2113 1315.
790 2077 888 2113 inter
917 2077 1001 2113 Mai.
1027 2077 1084 2113 1⁰2.
1104 2080 1141 2114 et
1171 2078 1228 2114 17.
1257 2097 1304 2102 ——
1339 2077 1448 2114 1316.
1479 2077 1586 2113 Mart.
1607 2077 1642 2114 9.

527 2201 612 2237 273.
654 2201 829 2247 Scriptum
857 2202 1012 2237 Gonradi
1033 2214 1102 2247 pro
1132 2203 1385 2248 archiepiscopo
1413 2202 1617 2247 Moquntino
1640 2203 1754 2247 prius.

859 2267 968 2301 1315.
1009 2268 1100 2302 inter
1126 2266 1218 2302 Mai.
1238 2269 1299 2302 12.
1321 2270 1350 2302 et
1370 2267 1427 2302 17.

419 2338 580 2379 Orv'yinale
604 2339 678 2379 (or.)
710 2339 746 2370 in
773 2339 934 2372 tabulario
958 2340 1099 2380 generali
1120 2341 1210 2381 requi
1231 2340 1409 2372 Bawarici.
1463 2339 1583 2372 Pendet
1604 2339 1741 2380 sigillum
1765 2339 1894 2372 laesum.
1923 2357 1968 2363 --
1985 2353 2009 2373 ³5

307 2390 369 2422 Ed.
392 2390 508 2423 Weller
531 2390 613 2422 ‘Hoh
621 2390 817 2423 enlohisches
846 2391 1115 2424 Urkundenbuch’
1138 2392 1188 2431 II,
1211 2393 1254 2424 72
1275 2403 1324 2424 nr.
1342 2392 1392 2424 94.
1437 2391 1620 2423 Editicmem
1642 2391 1820 2431 repetimus.

417 2450 492 2491 Rey.
511 2450 615 2482 Boica
638 2450 673 2490 V,
697 2451 771 2483 307.

416 2537 489 2568 Wir
518 2535 641 2568 Cfinrat
672 2537 730 2569 der
761 2537 855 2569 edele
883 2549 947 2570 von
974 2537 1169 2570 Hohenlooh
1195 2538 1350 2579 verjehen
1383 2537 1450 2569 und
1480 2537 1653 2569 bekennen
1687 2537 1874 2579 offenliche,
1909 2537 1969 2570 daz

308 2599 405 2621 unser
430 2588 510 2620 burc
533 2599 569 2620 ze
594 2587 775 2631 Schipphe‚
807 2589 858 2621 die
883 2590 941 2621 wir
963 2601 999 2622 ze
1022 2590 1118 2622 lehen
1142 2589 1250 2622 haben
1273 2600 1335 2621 von
1359 2589 1434 2622 dem
1457 2589 1561 2631 riche,
1583 2588 1651 2621 und
1673 2589 1737 2621 alle
1760 2599 1857 2621 unser
1878 2593 1968 2622 veste

308 2639 394 2672 offen
417 2641 480 2671 sint
502 2640 568 2671 und
593 2640 681 2672 offen
704 2640 794 2672 sulen
825 2642 874 2672 sin
896 2652 1025 2674 unserm
1049 2641 1212 2683 gnedigen
1235 2641 1350 2673 herren
1379 2641 1454 2673 dem
1476 2640 1720 2673 hertzbischove
1742 2651 1806 2672 von
1828 2640 1968 2673 Meintze
1987 2655 2013 2674 ιο

307 2691 374 2723 und
397 2692 502 2723 seines
526 2691 631 2723 stiftes
654 2692 864 2733 nachcomen,
892 2692 975 2725 doch
999 2694 1060 2725 ane
1077 2703 1195 2724 unsern
1215 2692 1367 2726 schaden.
1406 2692 1508 2724 Were
1531 2692 1611 2724 aber
1634 2691 1693 2724 daz
1716 2692 1775 2724 daz
1799 2692 1858 2724 der
1879 2692 1967 2725 selbe

411 2785 478 2813 272·
506 2787 529 2817 0)
548 2787 691 2813 iminebant
709 2786 733 2813 2.
