2184 3126
417 200 513 229 ACTA
531 200 644 234 REGNJ
664 200 847 228 LUDEWICI
866 201 913 228 1v.
932 201 978 228 ΕΤ
998 200 1182 229 FRlDERlCI
1202 201 1250 229 ΙΙΙ.
1288 200 1363 229 1324.
1399 200 1447 228 Nr.
1460 201 1520 229 868.
1538 201 1598 229 869.
1775 203 1838 235 683

425 349 496 381 868.
522 349 595 381 869.
629 346 819 380 SCRIPTA
841 347 931 380 PRO
955 346 1198 381 LUDEWIOO
1221 346 1282 380 DE
1304 347 1596 381 HOHENLOOH.

870 409 961 441 1324.
996 407 1090 441 Mart.
1111 409 1157 441 13.

639 522 726 558 868.
768 522 944 568 Scriptum
971 523 1081 568 prius.
1185 522 1296 558 Mart.
1317 523 1375 558 13.

294 594 455 637 Oriyinak
485 596 558 637 (or.)
589 595 624 627 in
653 595 813 629 tabulario
844 596 984 628 civitatis
1013 595 1298 637 Rotemburyensis.
1352 596 1551 629 contulimus
1578 584 1652 630 mss
1693 598 1839 639 Sigillum

153 657 165 678 ε
185 647 283 685 deest,
313 646 378 679 loro
406 646 640 679 membranaceo
667 646 784 679 relicto.
813 667 854 672 —
884 646 948 680 Ed.
976 646 1091 681 Weller
1113 647 1388 680 ‘Hohenlohisches
1414 648 1681 682 Urkundenbuch’
1701 650 1754 689 11,
1775 651 1839 683 180

181 707 231 730 nr.
244 698 310 731 212
331 707 370 730 ex
392 707 437 730 or.

289 791 359 824 Nos
380 791 575 826 Ludowicus
596 792 660 824 Dei
683 794 793 835 gracia
807 793 1028 827 Romanorum
1052 803 1110 826 rex
1133 803 1262 836 semper
1284 798 1439 837 augustus
1460 798 1572 828 notum
1596 806 1667 828 esse
1690 796 1838 829 volumus

180 843 382 885 presencium
416 843 573 876 universis
600 844 849 886 inspectoribus,
880 844 966 888 quod
989 844 1193 877 attendentes
1215 845 1302 887 quod
1325 856 1396 878 cum
1421 846 1578 889 obsequia
1600 852 1781 880 nostrorum
1804 852 1839 881 et

180 894 307 936 imperii
329 893 474 926 fidelium
496 898 606 927 mente
630 895 775 938 largiflua
798 896 1012 938 conspicimus
1034 900 1067 929 et
1089 897 1136 928 eis
1159 895 1256 939 digna
1279 907 1336 939 pro
1361 898 1502 940 inpensis
1524 898 1618 930 nobis
1645 903 1678 931 et
1700 900 1837 942 imperio

138 951 164 973 ιο
182 945 324 977 serviciis
347 946 470 988 premia
493 946 669 979 liberaliter
692 947 866 990 elargimur
879 948 931 980 vel
948 948 1046 980 etiam
1063 948 1285 992 elargiciones,
1309 948 1515 990 donaciones,
1539 951 1766 992 promissiones
1781 955 1838 984 aut

185 995 404 1039 obligaciones
427 998 504 1040 ipsis
527 1009 585 1040 per
613 998 686 1031 (live
714 999 868 1031 memorie
892 998 1111 1031 Romanorum
1140 1010 1234 1042 reges
1262 1003 1295 1032 et
1323 1000 1536 1042 imperatores
1566 1005 1692 1034 nostros
1719 1003 1835 1044 prede-

184 1058 328 1081 cessores
366 1049 512 1091 graciose
546 1050 598 1082 vel
636 1050 745 1083 debite
788 1051 890 1083 factas
927 1051 1103 1083 eorundem
1143 1051 1406 1093 predecessorum
1444 1056 1625 1086 nostrorum
1659 1054 1836 1086 inherendo

182 1100 326 1143 vestigiis
349 1104 435 1133 ratas
457 1100 624 1143 habemus,
648 1101 866 1144 approbamus
894 1105 928 1135 et
950 1102 1190 1143 confirmamus,
1221 1103 1309 1145 ipsos
1336 1107 1462 1136 nostros
1490 1104 1604 1137 fideles
1629 1105 1671 1137 ad
1700 1106 1837 1148 purioris

183 1151 367 1184 devocionis
390 1154 606 1185 constanciam
630 1156 663 1186 et
686 1153 880 1187 indefessam
898 1154 1125 1197 obsequiorum
1141 1154 1427 1197 promptitudinem
1445 1155 1624 1188 fervencius
1647 1157 1836 1198 excitamus,

139 1213 162 1233 ιο
182 1213 240 1235 nos
262 1203 378 1236 intuitu
399 1207 563 1247 gratorum
587 1204 814 1248 obsequiorum
837 1216 896 1248 per
916 1205 1058 1239 nobilem
1081 1207 1184 1238 virum
1206 1205 1416 1239 Ludowicum
1433 1207 1473 1240 de
1488 1207 1682 1240 Hohenloch
1705 1209 1836 1242 fidelem

182 1258 325 1287 nostrum
349 1255 501 1288 dilectum
524 1256 616 1288 nobis
638 1260 672 1289 et
694 1258 830 1299 imperio
854 1257 1009 1290 hactenus
1032 1259 1237 1300 inpensorum
1267 1261 1300 1290 et
1326 1259 1358 1290 in
1381 1258 1523 1291 futurum
1539 1259 1764 1292 nichilominus
1787 1262 1835 1292 in-

181 1305 423 1348 pendendorum
469 1307 706 1350 obligacionem
748 1308 897 1341 villarum
938 1312 1119 1341 nostrarum
1158 1313 1190 1341 et
1227 1310 1354 1351 imperii
1393 1310 1643 1353 subscriptarum
1686 1311 1836 1344 videlicet

180 1356 374 1400 Westheim,
396 1357 615 1401 Urversheim‚
639 1359 845 1402 Tacheteten,
869 1360 1072 1401 Totenheim,
1096 1361 1270 1402 superioris
1293 1365 1326 1393 et
1349 1361 1508 1394 inferioris
1531 1362 1677 1395 villarum
1700 1363 1834 1396 Nezzel-

181 1408 264 1441 bach
281 1412 314 1441 et
328 1409 503 1452 hominum,
527 1411 727 1452 iudiciorum,
751 1411 990 1444 iurisdicionum
1006 1414 1039 1444 et
1054 1412 1189 1444 aliarum
1205 1413 1474 1454 pertinenciarmn
1491 1413 1667 1447 earundem
1685 1415 1831 1447 villarum

136 1471 162 1492 so
180 1470 238 1501 per
261 1459 334 1497 dive
362 1463 516 1494 memorie
540 1462 712 1495 Albertum
736 1463 957 1496 Romanorum
982 1473 1095 1506 regem
1118 1463 1275 1496 illustrem
1306 1469 1449 1496 nostrum
1480 1465 1742 1506 predecessorem
1775 1478 1834 1509 pro

180 1511 327 1544 ducentis
355 1514 472 1545 marcis
500 1514 570 1556 puri
601 1515 728 1557 argenti
757 1525 816 1557 per
838 1515 976 1547 eundem
1004 1518 1147 1547 nostrum
1174 1515 1438 1557 predecessorem
1468 1527 1527 1558 pro
1557 1519 1709 1550 castrensi
1738 1518 1834 1551 feodo

178 1562 278 1595 nobili
302 1564 369 1596 viro
385 1564 520 1597 Alberto
545 1565 706 1608 quondam
731 1566 772 1599 de
788 1566 982 1599 Hohenloch
1005 1567 1087 1609 patri
1104 1566 1181 1599 dicti
1197 1566 1365 1599 Ludowici
1387 1569 1552 1610 promissis
1575 1569 1682 1601 eidem
1699 1569 1834 1602 Alberto

180 1613 220 1646 de
237 1614 431 1648 Hohenloch
455 1620 488 1648 et
511 1618 576 1649 suis
596 1617 769 1650 heredibus
792 1618 910 1650 factam
934 1629 974 1651 eo
998 1619 1077 1659 iure,
1100 1618 1197 1651 modo
1221 1622 1255 1650 et
1271 1618 1384 1659 forma,
1408 1619 1523 1661 quibus
1545 1620 1576 1651 in
1593 1621 1692 1662 ipsius
1707 1621 1833 1654 Alberti

180 1667 279 1697 nostri
303 1667 541 1708 predecessoris
564 1669 719 1702 confectis
742 1670 880 1712 desuper
903 1669 1037 1703 litteris²
1061 1670 1147 1702 facta
1169 1670 1352 1702 huiusmodi
1376 1670 1536 1712 obligacio
1560 1676 1707 1714 apparet,
1731 1676 1834 1705 ratam

136 1729 160 1749 as
180 1716 338 1750 habemus
362 1722 395 1751 et
417 1723 542 1762 gratam
567 1730 605 1752 ac
633 1731 705 1753 eam
728 1721 932 1763 presentibus
954 1721 1181 1764 approbamus.
1274 1722 1312 1754 In
1341 1722 1431 1754 cuius
1458 1727 1566 1755 nostre
1594 1723 1835 1757 ratibabicionis

178 1771 211 1800 et
238 1770 484 1811 approbacionis
517 1773 735 1805 testimonium
768 1777 936 1815 presentes
963 1773 1120 1805 conscribi
1149 1777 1181 1805 et
1210 1773 1315 1816 sigillo
1343 1777 1450 1806 nostre
1480 1775 1660 1807 maiestatis
1685 1776 1835 1808 iussimus

178 1822 376 1854 communiri.
423 1822 427 1827 '

284 1870 361 1904 Dat.
392 1873 424 1905 in
458 1873 706 1911 Franchenfurt.
741 1875 802 1907 111.
835 1875 914 1908 Idus
947 1877 1078 1917 Marcii,
1116 1886 1199 1908 anno
1238 1875 1367 1908 Domini
1401 1877 1572 1910 millesimo
1606 1879 1833 1911 trecentesimo

177 1922 323 1965 XXIIII,
347 1925 438 1967 regni
461 1935 538 1958 vero
561 1926 661 1958 nostri
684 1937 768 1959 anno
793 1927 928 1960 decimo.

133 2103 161 2125 so
617 2092 705 2129 869.
746 2093 920 2139 Scriptum
948 2093 1104 2130 alterum.
1209 2094 1319 2130 Mart.
1338 2095 1396 2130 13.

285 2162 446 2205 Oriqinale
473 2166 547 2207 (or.)
581 2166 688 2198 eadem
719 2176 819 2198 manu
852 2166 1007 2207 scriptum
1040 2167 1164 2199 ibidem.
1209 2167 1289 2200 Item
1315 2167 1516 2200 contulimus.
1561 2167 1708 2210 Siqillum
1739 2170 1831 2208 deest,

175 2213 240 2247 loro
262 2215 495 2249 membranaceo
518 2217 633 2250 relicto.
658 2236 699 2241 -—
722 2217 784 2250 Ed.
808 2217 922 2251 Weller
943 2217 963 2251 l.
979 2228 1004 2251 c.
1030 2219 1079 2257 II,
1105 2219 1167 2250 181
1193 2229 1243 2251 ην.
1260 2221 1325 2251 213
1347 2230 1386 2251 ex
1408 2230 1453 2251 or.

282 2309 352 2342 Nos
373 2310 566 2343 Ludowicus
588 2311 650 2344 Dei
673 2313 782 2354 gracia
797 2312 1018 2345 Romanorum
1042 2323 1100 2345 rex
1125 2323 1254 2355 semper
1276 2317 1432 2356 augustus
1454 2316 1566 2346 notum
1590 2323 1661 2347 esse
1684 2315 1831 2347 volumus

176 2362 378 2402 presencium
403 2363 636 2405 inspectoribus
664 2365 836 2404 universis,
871 2365 958 2408 quod
986 2369 1118 2408 propter
1147 2370 1241 2407 grata
1268 2366 1405 2397 servicia
1427 2364 1519 2397 nobis
1547 2369 1581 2397 et
1606 2366 1743 2408 imperio
1773 2377 1831 2409 per

132 2420 157 2441 u
176 2411 318 2445 nobilem
339 2413 442 2446 virum
465 2414 673 2448 Ludowicum
697 2417 738 2449 de
754 2416 948 2449 Hohenloch
972 2417 1101 2449 fidelem
1125 2420 1268 2449 nostrum
1291 2416 1443 2449 dilectum
1467 2416 1612 2449 exhibita
1634 2417 1775 2450 fideliter
1797 2422 1830 2451 et

176 2464 208 2495 in
231 2463 372 2496 futurum
393 2465 617 2499 nichilominus
646 2466 831 2505 exhibenda
858 2479 916 2501 nos
939 2468 1174 2510 obligacionem
1198 2469 1354 2501 bonorum
1381 2467 1440 2500 sub
1463 2468 1627 2500 Montibus
1650 2479 1722 2501 cum
1746 2469 1830 2501 villis

177 2513 377 2556 Saunsheim,
398 2515 624 2559 Herensheim,
647 2518 860 2561 Uffencheim,
889 2520 1108 2562 Wygenheim
1132 2524 1164 2552 et
1187 2520 1344 2552 bonorum
1372 2521 1457 2552 circa
1479 2519 1612 2562 Mogum
1643 2531 1715 2552 cum
1746 2521 1830 2553 villis

177 2565 424 2610 Sumerahusen,
448 2568 709 2603 Winterahusen.
736 2571 946 2604 Lindelwach
975 2576 1008 2604 et
1034 2573 1121 2604 curie
1153 2571 1238 2604 dicte
1261 2571 1444 2604 Liitzelvelt
1473 2575 1506 2604 et
1529 2581 1641 2604 earum
1663 2573 1828 2614 pertinen-

176 2617 297 2650 ciarum
319 2629 379 2661 per
401 2619 475 2653 dive
490 2622 646 2655 memorie
662 2622 850 2656 Heinricum
866 2624 1086 2656 Romanorum
1103 2634 1214 2666 regem
1231 2623 1387 2656 illustrem
1403 2627 1547 2656 nostrum
1563 2623 1827 2666 predecessorem

132 2676 158 2697 ω
176 2669 276 2702 nobili
305 2670 372 2705 viro
403 2672 566 2714 quondam
592 2673 730 2707 Alberto
759 2674 800 2707 de
827 2674 1021 2708 Hohenloch
1050 2676 1134 2718 patri
1162 2675 1240 2708 dicti
1262 2675 1433 2708 Ludowici
1463 2679 1498 2708 et
1526 2675 1671 2708 eiusdem
1700 2675 1827 2707 Alberti

175 2720 349 2754 heredibus
364 2733 422 2764 pro
439 2723 564 2756 duobus
579 2721 708 2757 milibus
722 2725 876 2758 librarum
888 2725 1117 2767 Hallen(sium)
1133 2727 1252 2760 factam
1269 2738 1309 2760 eo
1325 2728 1404 2768 iure,
1420 2727 1517 2759 modo
1534 2730 1568 2759 et
1583 2726 1696 2765 forma,
1714 2726 1830 2769 quibus

279 2816 304 2847 1)
323 2815 357 2842 A.
371 2819 444 2844 1300.
472 2817 542 2851 Sept.
555 2821 604 2852 243
621 2818 657 2851 cs.
670 2818 764 2846 Wdler
782 2819 798 2847 1.
811 2827 832 2847 c.
845 2819 871 2853 I,
891 2824 941 2847 446
959 2827 1000 2847 nr.
1013 2823 1068 2848 621.

1585 2872 1635 2898 8⁴3*
