2190 3172
304 228 366 258 296
538 225 636 252 ACTA
655 225 769 252 REGNI
788 223 971 251 LUDEWICI
991 223 1038 251 IV.
1057 223 1103 250 ET
1123 221 1307 250 FRIDERICI
1326 221 1375 248 111.
1413 221 1488 248 1316.
1524 220 1572 248 Nr.
1586 221 1645 248 351.
1663 220 1723 247 352.

305 312 386 343 sicut
408 311 509 343 nobis.
557 311 680 347 Quibus
708 321 804 352 super
833 311 894 342 hoc
923 313 959 342 ut
981 310 1150 341 intendant
1172 312 1205 340 et
1228 308 1398 348 obediant,
1428 310 1616 349 preceptum
1649 306 1784 338 facimus
1811 316 1870 347 per
1895 305 1958 338 heo

305 363 433 404 scripta.
528 362 575 404 (7)
605 363 827 394 Promittimus
855 363 987 403 insuper
1023 361 1109 393 bona
1139 361 1203 392 fide
1232 360 1339 392 eidem
1366 359 1573 391 'Preverensit
1599 358 1860 399 archiepiscopo,
1891 358 1960 389 suis

306 413 542 446 successoribus
565 417 598 445 et
622 413 758 445 ecclesie
781 413 988 453 Treverensi‚
1019 413 1105 455 quod
1136 416 1311 454 antequam
1340 410 1545 443 concordiam
1569 409 1620 441 vel
1647 419 1763 451 pacem
1787 408 1960 440 fecerimus

307 476 379 497 cum
402 465 571 507 spectabili
592 465 659 496 viro
675 464 818 496 Rudolfo
842 465 941 496 fratre
964 468 1084 504 nostro,
1109 463 1248 495 eundem
1271 467 1328 494 aut
1349 473 1424 494 suos
1446 461 1596 502 heredes,
1619 461 1645 492 si
1667 461 1773 502 ipsum
1796 459 1959 492 decedere

308 517 482 558 contingat,
504 516 609 547 modis
633 516 780 547 omnibus
802 515 1002 555 inducemus,
1026 518 1061 546 ut
1083 525 1181 556 super
1203 514 1367 555 premissis
1390 512 1647 555 obligacionibus
1670 522 1728 544 seu
1751 511 1959 543 alienacioni-
1990 519 2006 538 ι

307 568 366 599 bus
400 577 589 599 consensum
617 578 708 598 suum
736 567 950 599 voluntarium
983 577 1042 608 per
1068 577 1142 598 suas
1172 565 1322 597 efficaces
1355 565 1480 597 litteras
1509 564 1664 596 adhibeat
1698 566 1731 595 et
1761 573 1959 604 expressum.

307 619 568 660 Tenebimurque
600 618 739 650 eundem
774 618 1053 660 archiepiscopum
1087 617 1338 657 Treverenoem,
1377 626 1578 648 successores
1612 626 1686 647 suos
1722 618 1755 647 et
1789 613 1960 646 ecclesiam

307 670 486 712 predictam
511 671 543 701 in
567 669 660 701 dictis
682 669 938 711 possessionibus
962 672 995 701 et
1018 670 1089 700 aliis
1116 670 1161 701 sic
1184 669 1246 700 sibi
1270 668 1435 710 obligatis,
1464 678 1561 710 quam
1585 667 1640 698 diu
1664 677 1719 698 eas
1743 666 1883 698 tenuerit
1905 667 1962 696 aut

308 722 355 753 sui
385 731 586 753 successores
616 722 791 762 tenuerint,
827 722 909 753 tueri
943 721 985 752 ab
1015 721 1164 753 omnibus
1194 723 1228 752 et
1256 720 1436 752 defensare.
1481 719 1551 751 Nec
1578 719 1802 761 permittemus
1829 715 1962 758 aliquod

309 772 496 804 theloneum
520 783 636 804 novum
660 773 692 804 in
716 774 871 805 comitatu
894 772 1065 814 palat(ino)
1089 772 1173 804 Reni
1197 771 1248 804 vel
1271 782 1407 813 usquam
1430 771 1508 802 alibi
1531 781 1628 812 supra
1643 769 1771 802 Renum
1793 769 1961 800 instituere
1981 779 2008 800 ιο

308 824 359 855 vel
383 825 528 856 instituta
551 827 763 866 augmentare
787 827 844 855 aut
867 825 970 855 eciam
993 824 1058 855 iam
1089 824 1122 855 in
1150 823 1235 854 dicto
1264 822 1385 864 oppido
1408 822 1598 854 Bacherach
1622 821 1794 853 constituta
1816 820 1962 851 minuere

308 875 505 918 aliqualiter,
539 877 599 907 nisi
629 876 670 908 de
698 876 815 917 ipsiust
843 875 1078 917 archiepiscopi
1101 874 1309 906 Treverensis
1336 877 1393 906 aut
1423 884 1643 906 successorum
1672 873 1741 904 eius
1768 870 1965 914 processerit

308 927 483 960 voluntate.
572 927 620 968 (8)
643 927 723 959 Cum
741 938 818 959 vero
841 926 992 968 predictii
1014 937 1073 959 rex
1089 926 1247 958 Bohemie
1271 929 1305 958 et
1321 926 1544 958 Treverensis‘
1565 925 1827 966 archiepiscopus
1849 932 1963 964 perso-

307 979 366 1010 luti
390 979 510 1010 fuerint
532 978 573 1010 de
597 978 715 1010 debitis
738 980 803 1010 suis
825 979 999 1019 universis,
1023 978 1169 1020 predicta
1193 981 1312 1019 castra,
1341 978 1493 1020 oppida¹¹‚
1523 977 1743 1019 possessiones
1765 977 1799 1007 et
1822 978 1908 1006 terre
1931 974 1964 1005 in

310 1031 397 1063 omni
426 1041 465 1062 eo
493 1031 562 1062 iure
593 1041 656 1072 quo
686 1041 726 1062 ea
753 1034 850 1063 antea
876 1030 1068 1062 tenebamus
1095 1030 1138 1062 ad
1167 1041 1226 1061 nos
1252 1032 1286 1061 et
1312 1029 1452 1061 heredes
1474 1031 1600 1060 nostros
1622 1027 1724 1060 libere
1750 1028 1963 1059 revertentur.
1983 1037 2009 1057 is

308 1082 502 1115 Mandantes
525 1083 657 1124 insuper
681 1082 845 1114 omnibus‘
872 1082 1036 1123 officiatis,
1063 1081 1228 1120 fidelibus,
1257 1080 1488 1120 castrensibus,
1515 1078 1796 1119 ministerialibus,
1824 1077 1964 1118 vasallis,

311 1134 480 1176 oppidanis
511 1137 544 1166 et
566 1133 725 1165 ruralibus
755 1144 794 1165 ac
823 1133 894 1165 aliis
921 1133 1178 1175 quibuscumque
1207 1142 1409 1174 quocumque
1437 1132 1568 1163 nomine
1596 1134 1788 1164 censeantur
1815 1131 1848 1161 in
1878 1128 1965 1161 dicto

312 1185 432 1227 oppido
456 1185 662 1225 Bacherach,
691 1185 776 1216 valle
801 1184 946 1216 eiusdem
971 1188 1004 1216 et
1027 1195 1124 1226 supra
1147 1187 1291 1216 montem
1315 1184 1509 1224 constitutis,
1540 1183 1690 1225 quatinus
1713 1181 1820 1214 eidem
1843 1180 1965 1212 Treve-

310 1237 410 1268 rensit
432 1236 676 1277 archiepiscopo
700 1239 756 1267 aut
784 1236 853 1267 eius
880 1239 969 1268 certo
995 1236 1112 1268 nuncio
1137 1235 1328 1267 fidelitatem
1350 1237 1497 1276 prestent
1525 1237 1558 1266 et
1585 1234 1618 1265 in
1641 1233 1789 1266 omnibus
1811 1231 1968 1264 obediant

311 1290 392 1320 sicut
414 1288 506 1320 nobis
534 1298 660 1319 exnunc
690 1289 820 1319 inantea
849 1291 882 1319 et
912 1287 1090 1319 intendant.
1136 1287 1245 1319 Penas
1271 1290 1379 1319 autem
1409 1296 1490 1328 quas
1518 1285 1621 1318 idem‘
1649 1285 1912 1326 archiepiscopus
1933 1283 1967 1314 in
1985 1295 2013 1316 ω

310 1340 450 1372 rebelles
477 1339 646 1379 inflixerit,
680 1342 767 1371 ratas
796 1339 919 1370 habere
950 1339 1096 1371 volumus
1131 1341 1165 1370 et
1192 1339 1279 1380 ipsas
1306 1337 1466 1379 presentis
1493 1337 1604 1379 scripti
1637 1337 1817 1378 patrocinio
1847 1344 1967 1377 appro-

311 1392 435 1424 bamus.
523 1391 560 1422 In
585 1391 675 1422 cuius
697 1391 744 1423 rei
768 1391 987 1422 testimonium
1011 1391 1070 1422 has
1097 1390 1222 1422 litteras
1250 1389 1369 1422 exinde
1394 1388 1551 1421 conscribi
1581 1391 1615 1420 et
1637 1387 1817 1420 maiestatis
1838 1389 1968 1420 nostre*

311 1443 417 1485 sigillo
441 1443 590 1475 iussimus
613 1443 801 1474 conmuniri.

420 1499 495 1530 Dat.
523 1499 555 1530 in
580 1498 830 1538 Nfirenberchw,
854 1501 947 1529 sexto
978 1497 1076 1528 Idus¹
1102 1496 1235 1536 Marcii,
1262 1507 1345 1528 anno
1376 1496 1508 1528 Domini
1537 1495 1709 1528 millesimo
1740 1495 1968 1528 trecentesimo

313 1550 546 1591 sextodecimo,
569 1551 661 1592 regni
684 1560 762 1582 vero
785 1550 887 1581 nostri
910 1559 993 1581 anno
1018 1548 1169 1580 secundo.
1987 1553 2013 1574 2⁶

338 1773 438 1818 352.
465 1771 565 1817 353.
609 1768 894 1816 SCRIPTA
922 1768 1052 1815 PRO
1079 1768 1396 1816 CIVITATE
1431 1768 1964 1814 HEILBRUNNEN.·

988 1851 1097 1887 1316.
1135 1850 1241 1887 Mart.
1263 1851 1297 1886 9.

705 1970 791 2006 352.
831 1970 985 2006 Litterae
1013 1970 1191 2006 Ludewici
1217 1970 1318 2015 reqis.
1422 1969 1534 2005 Mart.
1553 1971 1587 2005 9.

426 2044 587 2086 Oriyinale
618 2045 654 2076 in
686 2044 844 2076 tabulario
872 2044 956 2084 reyio
982 2043 1242 2084 Stuttqardiensi.
1291 2043 1529 2084 Descripsimus
1560 2053 1626 2076 nos.
1681 2043 1801 2076 Pendet
1830 2043 1971 2085 siyillum

315 2096 435 2129 laesum
458 2095 522 2128 loro
544 2096 787 2128 membranaceo.
1989 2105 2019 2125 no

423 2156 571 2194 B6hmer,
593 2155 670 2197 Rey.
686 2155 799 2188 Isudw.
817 2166 853 2196 p.
870 2155 913 2186 12
934 2166 983 2187 nr.
1001 2156 1075 2187 192.

424 2245 472 2287 (1)
495 2246 563 2277 Nos
585 2245 778 2277 Ludewicus
801 2245 864 2278 Dei
887 2247 997 2288 gracia
1019 2245 1240 2278 Romanorum
1269 2255 1328 2277 rex
1350 2255 1480 2287 semper
1502 2247 1657 2287 augustus
1684 2245 1726 2277 ad
1748 2246 1971 2278 universorum

315 2298 468 2330 noticiam
484 2297 630 2329 volumus
646 2298 824 2339 pervenire,
849 2298 935 2339 quod
951 2298 1156 2330 attendentes
1170 2297 1345 2339 puritatem
1360 2296 1436 2329 fidei
1460 2299 1493 2328 et
1508 2297 1725 2329 constanciam
1741 2297 1970 2340 incorruptam,

317 2349 432 2392 quibus
454 2348 630 2391 prudentes
652 2349 710 2380 viri
735 2373 742 2380 .
763 2372 770 2380 .
794 2349 940 2381 consules
964 2352 997 2381 et
1019 2349 1158 2381 universi
1181 2349 1267 2380 cives
1289 2348 1330 2380 de
1354 2347 1577 2390 Heilprunnen
1601 2348 1711 2380 dilecti
1732 2349 1834 2381 nostri
1855 2349 1971 2382 fideles

317 2412 351 2433 se
374 2401 467 2432 nobis
490 2403 524 2432 et
545 2400 681 2441 imperio
705 2399 915 2432 reddiderunt
937 2403 1134 2441 constantes,
1165 2400 1332 2432 benivolos
1355 2403 1388 2432 et
1410 2403 1556 2441 paratos,
1587 2399 1860 2443 disponentesque
1882 2401 1970 2444 ipsos
1987 2414 2017 2435 ιε

317 2455 451 2496 propter
483 2451 545 2483 hoc
574 2452 767 2493 specialibus
794 2451 972 2493 favoribus,
1006 2452 1122 2494 graciis
1157 2454 1191 2483 et
1218 2451 1422 2483 libertatibus
1448 2451 1617 2493 prosequi,
1650 2461 1706 2483 eos
1739 2462 1759 2483 a
1792 2455 1880 2484 stura
1913 2462 1972 2484 seu

319 2504 504 2544 exaccione,
528 2503 554 2534 si
577 2514 672 2544 quam
697 2514 798 2545 usque
821 2514 905 2535 nunc
928 2503 1021 2535 nobis
1037 2503 1202 2535 debebant
1224 2502 1361 2542 solvere,
1384 2502 1580 2534 absolvimus
1603 2506 1636 2535 et
1659 2503 1745 2545 ipsos
1768 2503 1810 2536 ad
1833 2506 1972 2546 quatuor

318 2565 419 2587 annos
434 2554 590 2586 affuturos
605 2555 753 2596 proxime
777 2555 818 2586 ab
835 2556 921 2586 omni
937 2559 1024 2587 stura
1041 2566 1098 2587 seu
1114 2555 1284 2587 exactione
1300 2554 1488 2586 dimittimus
1503 2554 1623 2586 liberos
1639 2555 1767 2596 penitus
1790 2558 1824 2587 et
1838 2554 1970 2588 solutos.

319 2606 442 2643 Quibus
466 2605 595 2648 quidem
620 2609 758 2648 quatuor
780 2607 870 2638 annis
893 2606 1051 2638 libertatis
1075 2606 1214 2648 expletis
1236 2606 1359 2648 pariter
1381 2608 1414 2638 et
1436 2607 1619 2646 transactis,
1643 2609 1761 2638 extunc
1784 2610 1818 2639 et
1839 2607 1971 2639 inantea

319 2667 447 2699 semper
475 2657 565 2688 annis
588 2658 720 2699 singulis
743 2661 912 2689 sexcentas
941 2658 1040 2690 libras
1062 2657 1260 2699 Hallen(ses)
1294 2668 1352 2699 pro
1379 2660 1468 2689 stura
1495 2667 1552 2689 seu
1582 2658 1752 2690 exactione
1775 2657 1868 2689 nobis
1894 2668 1969 2703 per-
1988 2671 2021 2691 ⁴0-

320 2709 445 2740 solvent
474 2711 507 2740 et
533 2709 620 2750 ipsos
648 2710 734 2741 cives
766 2709 808 2740 ad
837 2710 993 2741 maiorem
1021 2713 1106 2741 sture
1131 2709 1327 2741 solucionem
1352 2708 1533 2740 nullatenus
1557 2709 1788 2751 compellemus
1815 2709 1867 2742 vel
1895 2720 1970 2752 per-

351 2841 366 2866 d
394 2840 410 2866 2
423 2797 490 2824 351.
518 2796 538 2830 t)
557 2817 563 2823 .
578 2817 584 2823 .
603 2798 665 2824 add.
685 2798 708 2823 2.
809 2798 835 2830 u)
854 2807 922 2824 corr.
941 2807 972 2823 ex
989 2798 1112 2831 oppidum
1130 2797 1155 2824 2.
1251 2798 1276 2831 v)
1295 2800 1407 2832 sequitur
1424 2800 1497 2826 delet.
1516 2800 1569 2825 litt*
1590 2800 1612 2825 l.
1708 2799 1740 2832 w)
1758 2800 1927 2826 Nurenberch
1945 2799 1971 2827 2.

338 2842 348 2866 I
369 2859 375 2866 .
412 2859 418 2865 .
