2184 3126
478 190 576 219 ACTA
594 190 709 218 REGNI
728 189 911 218 LUDEWICI
931 190 978 217 lv.
997 189 1043 216 m·
1062 188 1247 217 FBIDERICI
1267 189 1316 216 111.
1353 189 1427 216 1320.
1465 189 1513 216 Nr.
1526 189 1585 218 584.
1604 190 1664 217 585.
1831 193 1895 223 469

239 277 401 310 curatorio
430 277 559 309 nomine
588 287 626 309 ac
654 287 713 319 pro
743 279 835 318 parte
866 279 975 308 nostra
1004 280 1037 308 et
1066 286 1124 319 pro
1152 275 1245 307 nobis
1276 286 1348 307 cum
1379 275 1556 307 venerabili
1590 276 1621 307 in
1645 275 1772 308 Christo
1802 281 1894 318 patre

240 328 395 371 Dyetrico
418 329 624 369 Laventin(o)
648 328 802 370 episcopo
830 338 868 360 ac
897 327 1058 360 nobilibus
1080 327 1156 359 viris
1177 326 1374 369 Dyethelmo
1397 326 1438 359 de
1461 326 1667 369 Ohrenching
1692 328 1894 368 marescallo,

239 379 432 412 Eberhardo
447 380 565 412 comite
582 379 623 412 de
639 379 850 422 Wirtenberg
866 382 900 412 et
914 378 1089 421 Rudolpho
1106 378 1147 410 de
1163 377 1351 411 Monteforti
1367 378 1532 421 preposito
1549 378 1687 411 ecclesie
1703 379 1893 420 Curien(sis)

239 442 279 464 ao
294 431 434 464 Iordane
451 431 492 463 de
508 430 714 473 Burgelstein
729 431 842 473 milite,
863 429 1124 473 procuratoribus
1140 433 1174 462 et
1188 429 1383 472 specialibus
1398 430 1522 462 nunciis
1537 430 1726 462 excellentis
1742 431 1896 472 principis

207 493 220 513 s
241 483 363 515 domini
384 482 550 515 Frederici
573 482 636 514 Dei
663 483 769 524 gratia
795 483 882 525 regis
903 481 1123 514 Romanorum
1147 482 1375 523 consanguinei
1402 484 1436 513 et
1463 481 1570 513 affinis
1596 482 1696 514 nostri
1727 482 1894 522 carissimi,

238 533 281 566 de
305 543 442 576 quorum
464 534 689 575 procuratione
712 543 772 575 per
794 533 949 575 quasdam
974 533 1120 566 eiusdem
1143 533 1229 575 regis
1251 532 1375 564 litteras
1398 532 1552 574 pendenti
1575 533 1644 565 eius
1666 533 1773 575 sigillo
1797 543 1894 566 cereo

237 585 450 617 communitas
460 585 483 626 ¹,
507 595 587 627 quas
602 584 740 616 vidimus
765 587 798 616 et
821 585 853 616 in
876 588 984 617 nostra
1000 594 1130 617 camera
1144 583 1368 616 mandavimus
1387 587 1420 616 et
1436 583 1570 616 fecimus
1584 585 1778 626 conservari,
1802 584 1894 616 nobis

237 636 382 678 plenarie
405 636 564 678 constitit,
586 637 808 678 procuratorio
832 637 961 668 nomine
984 646 1023 669 ao
1045 646 1103 678 pro
1126 638 1219 678 parte
1241 636 1341 677 ipsius
1362 635 1449 678 regis
1472 638 1506 667 et
1527 646 1586 677 pro
1609 635 1727 668 eodem
1749 646 1828 678 rege
1851 635 1894 668 de

238 688 324 720 bono
348 688 477 720 comuni
500 690 534 719 et
555 687 698 719 utilitate
720 687 851 729 publica
874 691 907 720 et
929 687 971 720 ad
994 687 1207 720 ordinandum
1229 687 1314 719 inter
1335 686 1474 719 eundem
1489 686 1709 719 Romanorum
1726 698 1838 729 regem
1861 691 1894 720 et

194 748 220 768 ιο
238 749 297 771 nos
324 738 477 771 unionem
504 741 538 771 et
566 738 666 781 ligam
694 738 752 770 sub
780 738 928 771 omnibus
956 739 1059 781 pactis
1089 741 1122 771 et
1149 737 1429 779 conventionibus,
1458 738 1723 780 promissionibus
1750 743 1784 771 et
1813 738 1894 771 obli-

236 790 420 832 gationibus
452 800 489 822 ac
521 789 670 831 cautelis,
708 800 770 832 que
806 791 959 832 precipue
990 790 1189 822 sanctissimo
1219 790 1251 822 in
1280 788 1407 821 Christo
1440 790 1525 832 patri
1559 793 1591 822 et
1624 790 1893 823 reverendissimo

237 841 368 874 domino
397 844 507 873 nostro
537 841 668 873 domino
697 841 833 873 Iohanni
862 842 970 873 diviua
995 841 1203 883 providencia
1231 845 1434 873 sacrosancte
1462 841 1609 874 Romane
1639 852 1676 873 ac
1704 842 1894 874 universalis

238 893 376 925 ecclesie
400 903 526 925 summo
548 893 692 935 pontifici
716 893 836 935 placita
859 893 980 925 suerint
1001 903 1039 924 ac
1062 892 1234 934 predictis·
1254 892 1476 925 Romanorum
1498 894 1584 935 regis
1608 893 1753 925 eiusdem
1777 904 1892 935 procu-

239 944 402 977 catoribus
425 955 482 986 pro
507 944 623 976 eodem
647 955 725 986 rege
749 945 875 986 ipsique
891 944 994 977 Leoni
1017 944 1216 986 procuratori
1238 947 1347 975 nostro
1371 954 1429 986 pro
1452 943 1544 975 nobis
1560 944 1716 986 expedire
1732 946 1817 976 circa
1833 945 1893 976 hec

191 999 217 1020 1⁶
235 995 438 1028 videbuntur.
484 995 642 1027 Volentes
667 998 700 1027 et
722 996 978 1036 consencientes,
1005 995 1092 1038 quod
1120 995 1228 1027 omnia
1255 995 1287 1027 in
1310 995 1512 1037 presentibus
1533 995 1650 1027 litteris
1672 995 1894 1038 intelligantur

237 1046 405 1078 declarata
429 1050 463 1078 et
486 1057 655 1088 expressa,
686 1057 748 1088 que
778 1047 810 1078 in
831 1047 910 1089 ipsis
936 1046 1141 1087 tractatibus,
1169 1046 1427 1078 ordinacionibus
1448 1047 1574 1078 unionis
1597 1050 1632 1079 et
1652 1047 1718 1089 lige
1741 1058 1805 1079 una
1821 1048 1891 1079 vice

237 1098 292 1130 vel
314 1098 459 1140 pluribus
483 1097 648 1130 declarata
665 1098 785 1130 fuerint
808 1102 841 1130 et
863 1108 1028 1140 expressa,
1051 1098 1183 1130 eciamsi
1205 1098 1392 1130 mandatum
1409 1098 1580 1139 exigerent
1595 1098 1747 1140 speciale.
1792 1099 1835 1131 Et
1850 1099 1892 1131 ad

234 1149 406 1181 iurandum
434 1159 494 1191 per
521 1149 660 1181 eundem
687 1149 832 1182 Leonem
864 1149 905 1182 de
933 1149 1039 1191 Regio
1067 1153 1308 1191 procuratorem
1338 1152 1481 1181 nostrum
1504 1151 1536 1181 in
1566 1150 1706 1182 animam
1734 1154 1768 1182 et
1795 1161 1893 1192 super

234 1201 376 1233 animam
408 1204 566 1241 nostram,
596 1201 683 1242 quod
712 1212 770 1233 nos
796 1201 978 1233 huiusmodi
1007 1203 1194 1239 tractatum,
1227 1201 1461 1233 ordinationem
1486 1201 1527 1232 de
1550 1202 1667 1234 unione
1690 1205 1724 1234 et
1745 1202 1812 1244 liga
1834 1213 1892 1235 seu

190 1258 217 1279 20
234 1252 339 1293 ipsam
372 1252 524 1283 unionem
555 1255 588 1284 et
621 1252 720 1294 ligam
749 1255 783 1284 et
816 1253 923 1284 omnia
958 1255 991 1284 et
1020 1251 1160 1293 singula,
1197 1262 1260 1294 que
1289 1252 1529 1284 continerentur
1555 1253 1587 1284 in
1611 1254 1830 1284 instrumentis
1858 1257 1891 1285 et

233 1302 350 1335 litteris
372 1313 470 1345 super
491 1303 675 1335 huiusmodi
697 1305 815 1335 unione
838 1306 872 1335 et
893 1303 960 1345 liga
982 1303 1197 1343 conficiendis,
1221 1303 1471 1345 adimplebimus
1494 1307 1528 1335 et
1550 1304 1734 1336 curabimus
1756 1304 1891 1336 firmiter

233 1354 417 1386 observare.
468 1353 511 1386 Et
532 1354 730 1396 generaliter
755 1354 797 1386 ad
821 1356 928 1387 omnia
950 1358 984 1387 et
1006 1354 1132 1396 singula
1154 1354 1336 1386 faciendum
1364 1358 1398 1387 et
1420 1354 1648 1395 exercendum,
1673 1366 1735 1397 que
1759 1356 1792 1387 in
1814 1366 1888 1398 pre-

234 1404 328 1437 dictis
352 1408 385 1437 et
408 1406 492 1437 circa
514 1405 658 1447 predicta
683 1406 866 1438 necessaria
887 1409 960 1437 suut
983 1408 1016 1437 et
1039 1408 1133 1437 erunt
1155 1415 1219 1447 que
1242 1405 1350 1438 facere
1374 1416 1432 1438 nos
1460 1406 1520 1448 ipsi
1544 1417 1727 1448 possemus,
1757 1407 1890 1439 eciamsi

233 1456 423 1488 mandatum
458 1457 628 1499 exigerent
661 1457 818 1499 speciale,
851 1467 890 1489 ao
923 1456 1058 1499 proinde
1091 1457 1118 1487 si
1153 1467 1265 1488 omnes
1298 1467 1407 1499 casus,
1443 1458 1498 1499 qui
1531 1457 1720 1490 mandatum
1755 1459 1890 1500 exigunt

189 1513 216 1535 ὀ
234 1508 386 1550 speciale,
410 1508 589 1550 predictam
611 1509 762 1540 unionem
786 1510 820 1540 et
841 1508 940 1550 ligam
963 1508 1188 1549 contingentes
1211 1511 1320 1540 essent
1334 1508 1520 1550 specialiter
1543 1509 1575 1540 in
1591 1509 1651 1541 hoc
1667 1510 1889 1551 procuratorio

234 1558 388 1592 denotati.
426 1559 660 1591 Promittentes
675 1559 811 1602 firmum,
835 1563 963 1601 gratum
986 1562 1020 1591 et
1042 1562 1147 1591 ratum
1170 1562 1329 1601 perpetuo
1345 1559 1478 1601 habere,
1503 1560 1656 1602 quicquid
1671 1571 1731 1602 per
1745 1560 1888 1592 dictum»

232 1613 495 1653 procuratorem⁰
522 1613 665 1642 nostrum
693 1611 814 1642 factum
846 1610 942 1642 fuerit
971 1610 1004 1642 in
1032 1610 1186 1652 predictis
1220 1614 1254 1642 et
1282 1611 1429 1652 quolibet
1456 1611 1692 1654 predictorum,
1722 1611 1782 1643 sub
1806 1611 1888 1644 obli-

232 1662 363 1704 gatione
393 1662 535 1694 omnium
565 1661 722 1694 bonorum
753 1665 943 1693 nostrorum.
1038 1661 1076 1692 In
1106 1661 1214 1693 cuius·¹
1242 1663 1289 1693 rei
1316 1663 1536 1694 testimonium
1564 1666 1732 1704 presentes
1763 1663 1889 1695 litteras

233 1713 351 1746 exinde
374 1713 444 1746 fieri
458 1717 500 1755 ‘et
522 1713 676 1755 pendenti
702 1713 880 1745 maiestatis
907 1714 1015 1744 nostre
1042 1712 1148 1754 sigillo
1177 1713 1327 1744 iussimus
1356 1714 1555 1746 communiri.

189 1775 216 1796 ⁸⁰
342 1769 464 1802 Datum
487 1769 657 1810 Avinione,
680 1779 764 1801 anno
786 1767 918 1800 Domini
940 1767 1111 1800 millesimo
1136 1769 1361 1801 trecentesimo
1385 1770 1548 1810 vicesimo,
1571 1768 1624 1801 die
1647 1769 1887 1812 quintodecimo

231 1820 352 1853 mensis
374 1820 470 1862 Iunii,
494 1821 594 1853 tercie
617 1820 810 1861 indictionis,
832 1829 1005 1862 regnorum
1027 1823 1207 1851 nostrorum
1230 1830 1314 1852 anno
1338 1820 1540 1853 duodecimo.

333 2032 571 2079 585-597.
613 2032 947 2080 LUDEWICI
979 2033 1267 2080 SCRIPTA
1294 2032 1423 2079 PRO
1453 2032 1784 2080 DIVERSIS.

398 2109 506 2146 1320.
543 2109 625 2146 Iun,
649 2109 707 2146 18.
721 2129 770 2134 -
787 2109 867 2146 Oct.
892 2109 924 2147 1.
951 2129 1001 2135 —
1029 2109 1125 2153 (Oct.
1144 2109 1194 2146 in.
1212 2109 1272 2146 vel
1298 2109 1392 2146 Nov.
1412 2120 1469 2146 ex,
1485 2109 1636 2146 —Dec.
1654 2109 1722 2154 in.)

600 2228 686 2265 585.
727 2229 902 2275 Suppletio
927 2229 1083 2275 defectus
1112 2229 1245 2265 aetatis.
1349 2229 1432 2265 Iun.
1453 2230 1511 2265 18.

189 2315 215 2336 u
345 2300 506 2342 Oriqinale
521 2301 597 2344 (or.)
613 2302 649 2334 in
663 2302 823 2335 tabulario
837 2303 921 2344 reyio
933 2302 1159 2335 Berolinensss.
1201 2302 1342 2335 Contulit
1358 2302 1400 2335 R.
1416 2302 1572 2336 δαῖοηιοπ.
1610 2302 1731 2335 Pendet
1745 2302 1884 2343 sigillum

231 2351 353 2385 laesum
374 2351 440 2385 loro
460 2353 702 2386 membranaceo.

340 2411 488 2452 Bdhmer,
510 2412 586 2454 ch.
601 2413 714 2447 Ludw.
732 2425 767 2455 p.
782 2414 826 2446 23
846 2424 896 2447 m.
913 2414 986 2446 401.

338 2497 532 2531 Ludowious
565 2499 631 2532 Dei
663 2500 774 2542 gracia
806 2499 1026 2532 Romanorum
1061 2509 1120 2531 rex
1154 2509 1284 2542 semper
1315 2503 1471 2542 augustus
1578 2499 1695 2532 illustri
1727 2499 1882 2532 Heinrico

231 2548 410 2634 marohigni
435 2548 756 2594 Brandenburgensi,
789 2551 927 2593 principi
958 2553 992 2583 et
1018 2551 1176 2583 avunculo
1211 2562 1270 2584 suo
1298 2552 1462 2584 carissimo
1557 2552 1701 2595 graciam
1729 2561 1821 2584 suam
1850 2556 1883 2584 et

187 2610 215 2631 ω
232 2609 327 2632 omne
373 2610 479 2632 onum.

334 2683 400 2712 684-
428 2684 454 2719 ⁸)
471 2686 494 2713 is
511 2687 539 2712 in
557 2688 612 2714 loco
630 2696 692 2714 meo
709 2696 747 2714 or.
841 2686 867 2719 ι’)
886 2696 931 2714 um
948 2688 976 2713 n'n
995 2688 1050 2714 loco
1069 2696 1130 2714 roeo
1148 2696 1185 2714 or.
1281 2688 1305 2722 ο)
1323 2697 1363 2715 em
1381 2690 1410 2715 in
1428 2690 1483 2715 Ioco
1500 2697 1562 2715 mo
1580 2698 1619 2715 or.
1714 2688 1740 2720 ἅ)
1759 2691 1788 2715 In
1807 2690 1882 2715 cuius

229 2728 259 2754 in
276 2729 331 2755 loeo
349 2737 410 2754 raso
428 2737 466 2755 or.

338 2791 363 2824 1)
381 2790 542 2825 Depo-ditae
559 2795 636 2827 ΝΜ,-
654 2793 687 2826 cf.
701 2793 876 2828 proemium.
