2184 3126
393 203 492 232 ACTA
509 187 624 231 mem
643 202 825 231 LUDEWICI
844 202 892 231 1v.
910 202 956 231 ET
975 201 1162 230 mmmmm
1181 202 1229 229 111.
1266 201 1341 230 1824.
1380 201 1518 230 Nr.1003.
1539 202 1613 231 1004.
1773 205 1836 238 833

268 354 363 390 1003.
397 352 682 390 LITTERAE
705 350 943 390 EPISCOPI
965 352 1279 390 LAVENTINI
1302 352 1378 389 AD
1402 351 1748 390 PONTIFICEM.

837 419 970 464 (1324)
1012 419 1176 458 Oct.12.

290 519 452 562 Oriqinale
465 521 540 564 (or.)
555 522 591 553 in
606 520 764 553 tabulario
781 520 935 553 Vaticomo
950 521 1050 554 ‘Arm
1070 521 1099 555 0
1112 521 1198 564 fasc.
1212 522 1252 552 61
1275 530 1324 552 nr.
1340 520 1375 551 5’
1390 521 1561 561 myrtatum.
1600 519 1838 561 Descnpsimus

179 581 237 604 nos
245 572 268 604 ².
306 571 413 612 Siyilli
426 571 572 612 impressi
587 572 716 613 vestiqia
731 572 860 604 adsunt.
898 572 1141 613 Inscriptionem
1157 573 1303 612 praebet:
1327 572 1536 604 Sanctissimo
1558 573 1590 604 in
1607 572 1735 605 Christo
1752 573 1837 615 patri

147 635 160 655 ι
181 626 214 656 et
242 622 372 655 domino
402 634 460 655 suo
489 623 660 655 karissimo
688 623 818 656 domino
848 623 985 656 Iohanni
1013 628 1216 657 sacrosancte
1238 624 1386 656 Romane
1416 634 1453 656 ac
1479 623 1669 656 universalis
1698 624 1837 657 ecclesie

180 685 305 708 summo
329 675 482 717 pontifici.
527 675 570 706 In
585 675 676 707 dorso
692 674 854 716 leguntur:
875 674 1056 718 Episcopus
1071 675 1269 708 Laventinus
1285 675 1448 718 quomodo
1464 675 1641 719 publicavit
1657 686 1837 718 processus.

178 746 221 750 —
244 726 307 758 Ed.
322 725 415 767 Lany
438 726 532 758 ‘Acca
554 725 992 768 Salzburqo-Aquilejemia'
1014 727 1043 766 1,
1057 727 1102 758 83
1116 737 1165 759 nr.
1183 728 1224 759 69
1245 738 1285 760 ex
1307 738 1352 759 or.

288 785 365 827 Rey.
381 784 499 818 Mollat
522 785 653 818 ‘Lettres
675 786 866 818 commune-‘3'
887 795 938 818 nr.
954 786 1077 819 23393.

287 871 496 903 Sanctissimo
519 872 551 903 in
576 871 703 903 Christo
727 872 811 914 patri
834 875 867 904 et
890 871 1020 904 domino
1043 883 1102 904 suo
1125 872 1294 904 karissimo
1319 873 1448 904 domino
1473 873 1610 905 Iohanni
1632 878 1838 907 sacrosancte

134 931 161 952 ¹⁰
177 923 326 956 Romane
348 933 386 955 ac
408 923 598 956 universalis
622 922 757 955 ecclesie
781 933 906 955 summo
929 923 1071 966 pontifici
1158 923 1299 956 Ditricus
1316 925 1527 956 miseracione
1544 924 1651 957 divina
1667 925 1838 968 episcopus

177 975 423 1008 Laventinensis
511 985 583 1006 cum
607 975 655 1006 sui
678 974 987 1007 reconmendacione
1011 975 1129 1007 devota
1151 975 1271 1018 pedum
1295 975 1405 1008 oscula
1428 975 1606 1007 beatorum.

287 1026 456 1059 Sanctitati
471 1029 577 1058 vestre
594 1029 706 1058 tenore
722 1027 924 1069 presencium
940 1027 1024 1059 facio
1039 1027 1255 1067 manifestum,
1279 1026 1366 1069 quod
1381 1037 1551 1069 processus
1566 1030 1690 1060 vestros
1705 1028 1838 1070 primos,

179 1078 337 1111 secundos
364 1081 398 1109 et
426 1078 542 1110 tercies
570 1078 698 1110 habitos
729 1081 840 1110 contra
862 1077 1072 1110 Ludowicum
1103 1078 1218 1110 ducem
1240 1079 1390 1111 Bawarie
1417 1079 1551 1121 eiusque
1581 1079 1725 1111 fautores
1748 1091 1836 1112 com-

178 1130 279 1173 plices
313 1132 347 1161 et
379 1139 536 1172 sequaces
557 1138 687 1161 'necnon
715 1139 786 1171 eos,
818 1140 899 1172 quos
927 1133 1038 1162 contra
1068 1129 1280 1162 Bertholdum
1312 1130 1352 1162 de
1381 1129 1516 1172 Neifen,
1553 1131 1767 1163 Bertholdum
1796 1131 1838 1164 de

135 1188 161 1208 ²⁵
179 1181 370 1224 Grayspach
404 1183 437 1212 et
463 1180 663 1212 Fridericum
693 1180 734 1213 de
761 1180 1038 1224 Truhending(en)
1066 1182 1215 1222 comites,
1249 1192 1305 1213 eos
1338 1192 1466 1224 quoque
1497 1193 1578 1224 quos
1612 1186 1722 1215 contra
1754 1183 1838 1215 filios

179 1232 353 1275 dampnate
369 1233 524 1264 memorie
541 1232 663 1264 Mathai
678 1232 886 1264 Vicecomitis
910 1232 950 1264 de
965 1232 1151 1265 Mediolano
1167 1233 1374 1276 promulgare
1391 1234 1525 1265 curastis
1533 1234 1555 1275 ²,
1579 1235 1670 1266 iuxta
1691 1234 1838 1267 mandati

147 1309 150 1311 -
179 1285 275 1317 vestri
300 1287 445 1316 tenorem
473 1283 634 1326 publicavi
657 1283 878 1326 sollempniter
904 1285 936 1316 in
965 1284 1102 1316 ecclesia
1130 1295 1204 1317 mea
1230 1284 1415 1317 kathedrali
1444 1289 1477 1317 et
1506 1285 1568 1317 feci
1596 1286 1627 1317 in
1657 1286 1728 1318 aliis
1758 1286 1839 1318 locis

180 1335 326 1378 dyocesis
347 1345 432 1375 mee,
455 1336 487 1366 in
512 1335 627 1377 quibus
643 1335 797 1377 expedire
814 1335 948 1377 credidi,
970 1335 1136 1378 publicari.
1183 1336 1332 1368 Offerens
1354 1339 1456 1368 totum
1480 1347 1575 1379 posse
1598 1347 1706 1369 meum
1722 1338 1839 1370 vestris

179 1386 391 1430 beneplacitis
414 1387 512 1429 digna
535 1387 731 1428 reverencia,
755 1386 865 1419 debita
889 1386 1079 1420 obediencia
1102 1391 1135 1419 et
1157 1388 1397 1430 promptissima
1419 1388 1596 1420 voluntate.

135 1448 162 1470 ao
286 1438 362 1471 Dat.
385 1437 602 1480 Salzb(ur)ge,
625 1437 704 1470 1111.
721 1437 798 1470 Idus
822 1437 951 1471 Octobr.

214 1657 338 1702 1004.
368 1656 492 1701 1005.
532 1654 878 1701 IOHANNIS
907 1655 1064 1702 XXII.
1096 1656 1316 1702 PAPAE
1349 1657 1681 1702 LITTERAE
1708 1657 1804 1703 AD

333 1723 894 1782 ARCHIEPISCOPOS
920 1723 1575 1771 MAGDEBURGENSEM
1603 1725 1684 1771 ET

757 1791 1005 1839 MOGUN
1013 1792 1254 1839 TINUM.

792 1878 900 1914 1324.
940 1877 1020 1914 Oct.
1045 1878 1232 1914 15.—27.

132 2005 157 2026 ιο
534 1993 643 2029 1004.
683 1993 838 2030 Litterae
865 1995 912 2030 ad
938 1995 1223 2040 archiepiscopos.
1329 1994 1401 2031 Oct.
1421 1996 1480 2032 15.

288 2067 388 2108 Copia
403 2067 459 2109 (c.)
479 2067 515 2099 in
531 2066 735 2108 Reyestorum
758 2066 986 2101 Vaticanorum
1009 2068 1164 2100 tabularii
1185 2068 1335 2100 Vaticani
1354 2071 1426 2100 tom.
1441 2069 1506 2100 113
1518 2069 1572 2108 fol.
1584 2071 1629 2101 42
1641 2080 1691 2102 nr.
1704 2071 1776 2102 337.
1792 2088 1835 2094 —

176 2119 239 2152 Ed.
262 2118 405 2152 Schmidt
427 2118 616 2151 ‘destliche
644 2118 830 2152 Urkunden’
854 2120 882 2158 I,
907 2120 970 2151 149
993 2131 1042 2152 nr.
1059 2120 1123 2151 159
1145 2131 1184 2152 ex
1208 2131 1235 2152 c.
1280 2120 1462 2152 Editionem
1485 2122 1661 2161 repetimus.

285 2178 361 2219 Rey.
384 2178 488 2210 Lbher
509 2178 573 2211 loco
601 2189 702 2219 supra
724 2179 769 2211 ad
795 2190 845 2212 nr.
859 2181 925 2212 289
951 2181 1048 2212 citato
1070 2191 1106 2220 p.
1122 2180 1187 2211 258
1208 2190 1258 2212 nr.
1274 2180 1358 2219 235,·
1390 2179 1696 2221 Preqer-Reinkens
1720 2193 1754 2222 p.
1770 2183 1838 2214 278

177 2240 226 2263 nr.
244 2230 324 2270 186‚·
347 2229 471 2263 Rienler
494 2229 660 2262 ‘Vatikam
676 2230 798 2263 Akten’
814 2241 851 2271 p.
869 2232 931 2263 195
953 2242 1003 2263 nr.
1020 2233 1094 2263 411.

132 2323 158 2344 ⁸⁰
282 2315 470 2349 Venerabili
491 2317 583 2349 fratri
607 2341 638 2349 ..
662 2317 906 2359 archiepiscopo
929 2317 1213 2360 Magdeburgensi.

283 2367 415 2400 Dudum
437 2379 535 2410 super
556 2368 772 2411 publicatione
795 2379 1003 2411 processuum
1027 2373 1093 2401 tam
1117 2372 1229 2401 contra
1250 2369 1335 2401 viros
1357 2370 1623 2402 sceleratissimos
1639 2369 1835 2412 Galeatium‚

176 2418 359 2460 Marchum,
386 2419 566 2462 Luohinum
595 2424 628 2453 et
649 2421 730 2452 alios
752 2421 835 2453 filios
859 2421 1033 2463 dampnate
1062 2421 1219 2453 memorie
1241 2420 1366 2453 Mathei
1394 2420 1434 2452 de
1457 2421 1712 2454 vicecomitibus
1738 2422 1834 2454 here-

177 2470 257 2502 ticos
280 2473 312 2502 et
335 2470 375 2502 de
398 2470 505 2503 heresi
520 2472 754 2504 sententialiter
777 2476 810 2504 et
831 2472 960 2514 publice
977 2471 1230 2514 condempnatos
1246 2483 1422 2515 eorumque
1445 2472 1599 2514 fautores,
1622 2484 1778 2515 sequaces
1801 2477 1835 2505 et

178 2521 364 2554 defensores
388 2532 485 2564 quam
507 2522 649 2555 nobilem
672 2523 774 2555 virum
798 2523 998 2555 Ludovicum
1021 2523 1137 2555 ducem
1159 2523 1298 2556 Bavarie
1321 2535 1380 2566 per
1401 2535 1460 2556 nos
1483 2523 1619 2556 diversis
1634 2525 1835 2567 temporibus

133 2579 157 2599 ⁸⁵
179 2572 218 2604 de
243 2571 377 2605 fratrum
392 2576 572 2605 nostrorum
589 2574 719 2606 consilio
735 2575 939 2606 habitorum²
963 2575 995 2606 in
1018 2576 1064 2607 eis
1088 2574 1231 2617 partibus
1254 2575 1429 2608 solenniter
1452 2575 1602 2608 facienda
1625 2576 1682 2608 tibi
1707 2578 1834 2619 tuisque

178 2623 388 2666 suffraganeis
411 2634 449 2656 ac
471 2625 630 2657 nonnullis
652 2626 723 2657 aliis
744 2627 883 2667 partium
907 2626 1082 2659 earundem
1102 2627 1235 2668 prelatis
1251 2626 1394 2659 diversas
1409 2627 1534 2659 litteras
1555 2631 1681 2660 nostras
1704 2632 1834 2670 aposto-

176 2675 254 2707 licas
277 2678 406 2708 tenores
429 2675 605 2708 eorundem
629 2687 837 2718 processuum
862 2678 1076 2719 continentes,
1106 2689 1164 2720 per
1187 2689 1267 2721 quas
1289 2678 1348 2711 sub
1371 2680 1467 2711 certis
1494 2680 1587 2721 penis
1611 2684 1644 2711 et
1666 2681 1834 2712 sententiis

175 2726 245 2758 fieri
268 2727 442 2759 solenniter
457 2727 680 2760 mandavimus
702 2729 951 2770 publicationem
975 2729 1168 2771 huiusmodi,
1191 2730 1341 2763 duximus
1356 2731 1573 2763 destinandas.
1619 2731 1662 2763 Et
1676 2732 1753 2763 licet
1777 2742 1835 2773 per

278 2820 305 2852 1)
322 2819 363 2852 Of.
375 2820 470 2847 ‘Neues
479 2820 590 2848 Aren-'v’
606 2821 636 2848 X
639 2821 667 2848 X
675 2822 719 2855 VI,
732 2826 778 2849 709
791 2825 844 2850 not.
856 2827 876 2850 1.
948 2824 975 2857 2)
990 2823 1031 2856 Cf.
1042 2832 1128 2858 supra
1140 2832 1182 2852 nr.
1192 2828 1247 2852 792.
1262 2828 1320 2852 881.
1334 2823 1389 2852 944.
1403 2829 1455 2853 897
1466 2828 1491 2852 ee
1502 2826 1666 2860 prooem-‘um
1678 2825 1714 2852 aa
1727 2828 1833 2852 nnsffl.

279 2879 318 2899 u..
329 2880 555 2900 cessuro-nouas
564 2881 589 2900 v.
1576 2877 1625 2904 105
