2184 3126
241 445 274 460 nr.
286 441 324 461 '19⁹

246 471 292 492 cap.
303 467 322 486 ³.

247 1228 294 1248 cup.
305 1225 325 1243 4.

254 2255 300 2276 cap.
314 2253 331 2271 5.

338 206 400 235 69⁴
609 199 706 226 ACTA
725 197 838 225 REGNI
857 195 1039 224 LUDEWICI
1058 194 1105 222 IV.
1124 193 1171 221 ΕΤ
1190 192 1375 220 FRIDERICI
1395 192 1444 219 111.
1481 191 1556 220 1324.
1593 191 1642 219 Nr.
1654 191 1714 218 881.

337 287 494 320 iudicibus
517 286 666 327 exigente
688 283 813 315 iusticia
836 281 1073 323 condempnati,
1097 282 1131 312 et
1145 278 1304 311 nonnullis
1319 278 1391 310 aliis
1406 277 1537 325 perfidis
1551 277 1616 309 Dei
1638 280 1672 310 et
1687 278 1825 310 ecclesie
1841 278 1988 320 predicte

338 339 483 371 hostibus
510 342 564 369 se0
591 334 770 368 fautoremdl
800 338 832 366 et
865 333 1069 365 defensorem
1097 331 1291 363 exhibuerat
1318 332 1428 362 contra
1458 329 1578 361 dictam
1607 328 1779 361 ecclesiam
1813 333 1848 362 et
1880 330 1987 363 adhuc

340 389 528 429 exhibebat,
562 387 737 430 procedere
772 385 812 417 de
848 384 1022 416 eorundem
1057 383 1190 414 fratrum
1225 381 1358 413 consilio
1393 380 1619 422 compulerunt
1647 379 1820 423 ipsumque
1853 384 1989 424 propter

338 442 508 484 premissos
532 448 683 471 excessus
706 447 764 478 per
791 436 930 468 edictum
953 435 1117 477 publicum
1139 439 1271 473 presente
1294 436 1478 464 multitudine
1502 435 1627 463 fidelium
1650 431 1789 471 copiosa*
1804 437 1988 472 monuimus,

340 498 384 524 ei‘³
407 497 440 523 in
462 496 566 522 virtute
589 495 686 521 sancte
709 491 868 520 obedientie
898 486 948 518 acf
968 485 1026 517 sub
1050 488 1349 517 excommunicationis
1372 496 1454 522 pena,
1478 495 1564 521 quam
1586 487 1688 522 ipsum,
1720 487 1776 515 nisi
1800 496 1864 516 cum
1886 489 1990 518 effectu

338 547 496 575 huiusmodi
518 545 668 573 monitioni
690 545 846 578 *,pareret
869 543 1012 569 incurrere
1035 541 1212 568 voluimusg
1234 540 1296 575 ipso
1320 540 1405 572 facto,
1429 538 1604 566 auctoritate
1626 539 1786 574 apostoliea
1809 535 1986 568 districtius

338 599 525 633 iniungentes,
549 598 581 623 ut
603 597 676 623 infra
698 595 785 622 trium
807 594 945 621 mensium
968 593 1092 628 spatium
1115 601 1132 619 a.
1154 593 1223 619 data
1245 587 1427 618 litterarum
1449 589 1631 618 nostrarum
1653 597 1752 628 super
1773 586 1835 619 hoc
1857 587 1987 620 confec-

339 649 442 676 tarum
470 647 700 683 computandum,
731 655 801 680 quos
824 645 850 672 ei
873 645 907 672 de
929 640 1072 681 ipsorum
1095 644 1215 671 fratrum
1238 642 1357 670 consilio
1386 650 1439 676 pro
1466 642 1659 677 peremptorio
1692 643 1814 671 termino
1838 639 1990 672 duximus

338 695 541 734 assignandOS‚
569 699 605 725 ab
627 696 882 729 administratione,
906 695 1030 723 fautoris.
1053 697 1083 722 et
1105 694 1269 722 defensione
1292 688 1478 720 huiusmodi
1499 689 1629 731 penitus
1644 694 1846 728 abstineret',
1869 695 1988 723 admini-

340 751 505 778 strationem
528 750 618 784 ipsam
641 758 692 784 per
709 757 738 776 se
754 749 799 776 vel
814 748 902 775 alium
918 756 967 774 seu
982 746 1054 774 alios
1070 740 1251 773 nullatenus
1266 746 1472 779 resumpturus,
1493 745 1565 772 nisi*
1580 745 1605 772 si
1620 746 1650 773 et
1666 741 1796 783 quando
1819 747 1990 775 electionem

339 811 417 830 suam
438 801 607 834 huiusmodi,
630 810 683 835 que
699 801 734 828 de
756 800 818 835 ipso
835 800 976 827 celebrato
992 798 1103 831 dicitur,
1127 806 1160 825 ac
1175 806 1325 832 personam
1340 793 1440 834 ipsius
1455 805 1507 832 per
1521 797 1617 825 sedem
1633 797 1820 832 apostolicam
1835 799 1990 834 approbari

339 854 548 888 contingeret
570 854 600 879 et
621 852 743 884 admitti,
772 851 903 886 quodque
925 852 1008 885 gesta
1030 858 1081 884 per
1103 858 1166 877 eum
1197 850 1264 883 post
1286 843 1507 883 presumptum¹¹
1529 849 1566 876 ab
1589 857 1622 877 eo
1654 851 1843 878 memoratum
1871 851 1990 879 titulum

337 905 411 932 circa
432 905 576 939 premissa,
599 905 738 938 quatenus
761 911 923 938 processere
945 903 979 929 de
1003 902 1087 934 facto,
1112 910 1175 928 cum
1197 901 1231 928 de
1255 901 1316 927 iure
1345 908 1402 927 non
1433 901 1553 928 teneant
1582 906 1642 928 neo
1674 899 1824 930 tenerent
1851 903 1931 930 velut
1951 903 1990 931 ab

339 965 376 984 eo
400 956 444 984 cui
466 956 510 983 ius
532 965 589 983 non
616 955 795 990 competebat
827 963 879 982 nec
905 953 1042 988 competit
1072 948 1187 980 eadem
1216 952 1339 979 faciendi
1372 953 1559 987 attemptata,
1591 954 1730 981 curaret
1761 953 1838 981 infra
1866 954 1990 983 ‘dictum

338 1008 489 1036 terminum
511 1009 648 1042 quantum
671 1002 730 1033 sibi
754 1002 837 1033 foret
858 1005 1003 1040 possibile
1024 1004 1140 1032 realiter
1163 1012 1295 1031 revocare
1317 1005 1427 1038 aperte.
1465 998 1534 1031 Sibi
1550 999 1776 1032 nichilominus
1790 1005 1990 1043 intimantes‘,

340 1060 415 1094 quod
437 1059 461 1086 si
483 1060 512 1086 in
535 1058 677 1093 premissis
696 1066 747 1092 per
762 1066 825 1085 eum
841 1057 915 1084 infra
931 1052 1051 1084 dictum
1068 1055 1221 1083 terminum
1238 1055 1411 1089 exequendis
1426 1050 1591 1090 negligens*
1607 1052 1763 1084 existeret
1785 1057 1830 1085 vel
1845 1058 1989 1092 remissus,

339 1120 390 1138 nos
413 1112 511 1138 contra
533 1111 625 1145 ipsum
647 1110 683 1136 ad
705 1109 927 1144 publicationem
950 1117 1095 1142 penarum,
1119 1107 1148 1134 in
1164 1116 1235 1141 quas
1250 1109 1369 1142 propter
1391 1107 1544 1141 premissos
1565 1116 1695 1136 excessus
1710 1109 1840 1136 notorius
1855 1109 1990 1139 incidisse

340 1162 525 1190 noscebatur
547 1162 592 1189 vel
619 1161 779 1188 incideret
806 1161 836 1187 in
865 1161 1004 1192 futurum,
1033 1161 1061 1187 et
1089 1159 1160 1186 alias
1192 1160 1331 1193 quantum
1354 1159 1510 1186 suaderet
1533 1159 1648 1187 iusticia
1670 1160 1906 1195 procederemus
1929 1161 1991 1189 eius

341 1214 470 1241 absentia
491 1222 549 1241 non
576 1214 717 1240 obstante.
814 1211 957 1239 Universis
987 1206 1122 1246 insuper-¹¹
1145 1211 1328 1245 patriarchis,
1358 1210 1580 1246 archiepiscopis
1607 1206 1659 1239 et*
1681 1211 1822 1247 episcopis
1850 1212 1990 1247 aliisquo

341 1265 467 1300 personis
490 1264 687 1292 ecclesiasticis
703 1263 915 1298 quibuscunque
937 1263 988 1290 sub
1007 1271 1081 1297 pena
1097 1262 1290 1297 suspensionis
1306 1262 1342 1289 ab
1358 1262 1452 1290 officio
1467 1263 1497 1289 et
1512 1261 1660 1298 beneficio,
1681 1271 1767 1298 quam
1782 1272 1831 1291 eos
1846 1263 1991 1293 incurrere

340 1311 509 1344 voluimusl
531 1316 593 1350 ipso
622 1316 713 1348 facto,
747 1315 802 1342 nisi
832 1315 927 1341 infra*
954 1314 1063 1341 dictum
1089 1314 1242 1341 terminum
1275 1309 1460 1341 huiusmodi
1487 1313 1595 1342 nostre
1623 1314 1790 1342 inhibitioni
1817 1315 1991 1344 efficaciter*

342 1368 505 1396 obedirent
527 1369 557 1395 et
578 1369 637 1394 tam
660 1367 729 1401 ipsis
745 1375 830 1400 quam
847 1366 1002 1393 omnibusm
1018 1367 1048 1393 et
1063 1366 1182 1401 singulis
1205 1365 1400 1398 civitatibusn,
1423 1360 1676 1393 communitatibus
1691 1366 1740 1393 et⁰
1755 1366 1992 1395 universitatibus

339 1429 448 1448 necnon
470 1419 596 1454 personis
620 1418 808 1453 singularibus
832 1418 1053 1452 quibuscunque,
1077 1418 1267 1452 cuiuscunque
1291 1417 1464 1445 conditionis
1487 1419 1538 1445 aut
1553 1419 1646 1445 status
1662 1417 1854 1452 existerent,
1877 1418 1992 1447 etiamsi

340 1472 429 1507 regali
451 1473 501 1498 aut
523 1471 580 1498 alia
601 1479 768 1504 quacunque
790 1470 930 1504 dignitate
946 1470 1048 1504 *fulge
1056 1471 1137 1502 rent,
1160 1470 1191 1496 in
1214 1469 1320 1497 virtute
1343 1470 1442 1497 sancte
1466 1469 1628 1497 obedientie
1651 1471 1681 1497 et
1703 1469 1756 1497 sub
1777 1478 1866 1505 pena
1879 1478 1991 1498 excom-

342 1522 538 1550 municationis
561 1522 590 1549 in
613 1530 746 1556 personas
770 1523 799 1549 et
820 1521 966 1548 interdicti
988 1521 1018 1548 in
1040 1523 1131 1548 terras
1154 1530 1251 1548 eorum
1274 1530 1385 1548 necnon
1413 1521 1583 1556 privationis
1613 1521 1828 1556 privilegiorum
1857 1530 1989 1556 quorum·

342 1583 450 1609 cunque
476 1573 694 1608 apostolicorum
727 1574 756 1600 et
786 1573 964 1608 imperalium
987 1581 1020 1600 ac
1043 1573 1190 1600 feudorum
1198 1574 1220 1606 Ρ,
1244 1581 1299 1607 que
1322 1573 1359 1599 ab
1381 1572 1502 1600 ecclesia
1523 1572 1570 1600 vel
1591 1572 1712 1608 imperio
1735 1569 1990 1612 quomodolibet,

342 1626 551 1658 obetinerent,
575 1625 730 1652 districtius
753 1620 910 1651 duximus*
926 1624 1144 1657 inhibendum,
1167 1633 1203 1652 ne
1226 1624 1354 1659 predicto
1371 1624 1514 1652 Ludovico
1537 1624 1568 1651 in
1589 1624 1735 1659 premissis
1758 1625 1803 1652 vel
1825 1625 1890 1653 aliis
1905 1625 1989 1662 regni

343 1686 391 1705 seu
413 1677 524 1711 imperii
546 1676 729 1711 tangentibus
752 1676 879 1711 regimen
902 1678 1048 1710 tamquam
1070 1677 1131 1711 regi
1154 1685 1204 1704 seu
1227 1677 1257 1703 in
1280 1673 1498 1711 Roman(orum)
1521 1677 1638 1711 regem‘l
1661 1676 1761 1709 electo,
1790 1677 1847 1704 nisi
1870 1679 1901 1705 et
1922 1686 1991 1712 quo-

342 1737 430 1763 usque
453 1729 556 1755 dictam
579 1727 745 1755 electionem
767 1729 797 1755 et
818 1736 968 1762 personam
990 1728 1079 1766 ipsius
1102 1737 1153 1763 per
1175 1728 1268 1756 sedem
1293 1728 1412 1756 eandem
1434 1727 1589 1763 approbari
1611 1728 1792 1763 contingeret
1814 1730 1845 1756 et
1866 1729 1991 1763 admitti,

345 1781 491 1814 parerent
515 1780 545 1806 in
567 1779 662 1813 aliquo
686 1788 734 1806 seu
757 1779 960 1807 intenderent
983 1775 1192 1817 quovismodo
1216 1789 1287 1808 neve
1311 1780 1402 1807 eidem
1425 1780 1455 1807 in
1478 1780 1694 1815 quibuscunque
1720 1780 1757 1807 ad
1778 1780 1907 1816 regimen
1927 1770 1990 1816 pre*

343 1832 462 1859 libatum
485 1830 677 1865 spectantibus
699 1831 869 1865 preberent
891 1830 1048 1863 consilium,
1072 1831 1209 1858 auxilium
1233 1832 1278 1858 vel
1300 1832 1435 1859 favorem.
1480 1831 1543 1859 Non
1565 1831 1699 1859 obstante
1714 1832 1740 1859 si
1761 1831 1818 1867 ipsi
1833 1832 1879 1860 vel
1894 1841 1992 1860 eorum

344 1883 432 1916 aliqui
455 1891 483 1909 se
506 1883 541 1909 ad
562 1883 615 1909 hoc
640 1882 716 1909 dicto
740 1882 880 1910 Ludovico
908 1884 941 1909 ut
967 1882 1027 1918 regi
1054 1891 1103 1910 seu
1126 1882 1156 1909 in
1179 1880 1396 1918 Roman(orum)
1419 1884 1533 1919 regemr
1557 1884 1648 1911 electo
1677 1883 1918 1912 astrinxissent·
1940 1893 1993 1920 per

344 1934 488 1961 fidelitatis
511 1934 555 1961 vel
582 1934 698 1961 alterius
727 1934 878 1961 cuiuslibet
899 1934 1011 1969 generis
1034 1934 1202 1968 iuramenta,
1226 1936 1301 1969 que*
1324 1944 1387 1962 cum
1410 1935 1533 1970 prestita
1559 1935 1707 1963 fuissent
1735 1935 1775 1969 ei,
1803 1935 1849 1963 cui
1875 1935 1992 1964 minime

344 1981 479 2020 prestari*
505 1985 671 2022 debuerant,
701 1987 771 2013 nec*
797 1987 957 2020 prestantes
981 1982 1022 2014 ad
1053 1993 1165 2014 eorum
1196 1983 1418 2025 astringebant
1448 1983 1686 2015 observantiam
1712 1996 1774 2016 nec
1805 1988 1992 2024 astringant.

345 2036 403 2069 Que
425 2036 623 2064 nichilominus
647 2037 683 2063 ad
705 2037 846 2064 cautelam
869 2038 1041 2065 auctoritate
1064 2038 1243 2072 apostolicau
1260 2034 1411 2066 duximus
1434 2039 1628 2067 relaxanda*
1644 2047 1694 2067 seu
1717 2039 1741 2066 si
1763 2040 1876 2074 prefato
1899 2041 1992 2068 electo

347 2088 391 2115 vel
420 2088 584 2122 quibusvisv
612 2087 697 2114 aliis*
724 2097 774 2122 per
797 2089 908 2116 litteras
931 2089 1004 2116 sedis
1028 2089 1153 2117 eiusdem
1175 2090 1251 2117 foret
1285 2090 1337 2117 sub
1371 2099 1539 2125 quacunque
1568 2090 1718 2118 verborum
1748 2091 1840 2119 forma
1871 2092 1918 2119 vel
1946 2100 1992 2119 ex-

346 2139 518 2173 pressioneW
546 2148 706 2166 concessum
731 2140 776 2167 vel
805 2141 1006 2168 concederetur
1033 2141 1248 2176 imposterum¹,
1281 2142 1358 2176 quod
1381 2142 1631 2176 excommunicari,
1665 2142 1799 2177 suspendi
1822 2143 1868 2171 vel
1895 2151 1994 2171 eorum

346 2192 419 2217 terre
443 2199 491 2217 seu
513 2191 575 2217 loca
596 2190 727 2218 interdici
748 2200 806 2218 non
828 2194 971 2226 possent,
1004 2201 1074 2226 quas
1098 2194 1216 2220 contra*
1239 2202 1401 2228 processum
1423 2195 1553 2221 nostrum
1575 2189 1756 2231 predictum
1778 2194 1810 2221 in
1831 2194 1911 2222 nullo
1934 2194 1996 2222 cisy

348 2241 506 2271 voluimus⁴
523 2242 669 2276 suffragari
677 2243 716 2268 **.
806 2243 984 2270 Voluimusz
1001 2240 1131 2281 insuper
1147 2246 1176 2272 et
1192 2245 1350 2279 apostolica.
1366 2245 1558 2273 auctoritate·
1573 2245 1774 2279 decrevimus,
1797 2246 1875 2280 quod
1891 2240 1996 2284 dietus

347 2300 491 2326 processus
515 2293 631 2320 eundem
655 2288 792 2320 electum
815 2296 844 2322 et
867 2295 938 2322 alios
962 2296 1138 2330 supradictos
1162 2297 1404 2331 apprehenderet
1426 2299 1456 2324 et
1478 2293 1634 2331 mareth,
1661 2305 1695 2325 ac
1721 2297 1746 2324 si
1769 2297 1876 2325 eisdem
1897 2305 1992 2333 perso-

350 2342 453 2369 naliter
475 2343 632 2377 publicatus
656 2346 685 2371 et
707 2345 865 2373 insinuatus
889 2347 1045 2374 solenniter
1067 2347 1224 2380 extitisset,
1252 2348 1461 2378 ,constitutione
1490 2357 1660 2384 quacunque
1687 2349 1757 2384 ρει-ο
1778 2349 1994 2384 predecessores

348 2394 459 2420 nostros
487 2394 626 2422 Romanos
654 2396 799 2429 pontifices
827 2397 857 2424 in
887 2398 1060 2425 contrarium
1087 2399 1165 2426 edita
1191 2408 1249 2427 non
1278 2400 1418 2428 obstante.
1474 2395 1517 2428 Et
1545 2402 1579 2428 ut
1604 2396 1714 2428 idem‘¹
1743 2401 1912 2436 processus*
1940 2400 1995 2428 ad‘

350 2439 492 2471 eiusdem
527 2441 620 2472 electi
654 2449 683 2474 et
717 2448 835 2475 aliorum
870 2458 989 2483 quorum
1024 2445 1162 2478 interest‘
1188 2460 1364 2479 communem
1393 2452 1599 2480 deduceretur
1627 2451 1777 2486 noticiam,
1811 2453 1906 2480 cartas
1934 2451 1996 2480 sive

349 2495 525 2522 membranas
553 2506 710 2531 processum
739 2500 916 2528 continentes
944 2502 1082 2529 eundem*
1109 2502 1138 2529 in
1166 2502 1291 2530 hostiis*
1321 2503 1446 2531 eiusdem
1469 2500 1696 2532 Avinionensis
1723 2504 1840 2532 ecclesie
1870 2503 1996 2539 appendi

453 2592 517 2620 881.
543 2594 565 2626 c)
583 2595 649 2620 deest
670 2596 691 2622 1.
771 2597 795 2629 d)
814 2600 926 2625 fauorem
947 2600 970 2625 1.
1049 2601 1071 2633 θ)
1091 2606 1116 2627 et
1134 2602 1158 2628 1.
1235 2601 1255 2635 f)
1273 2607 1298 2628 et
1316 2602 1340 2629 2.
1419 2604 1444 2636 s)
1465 2605 1585 2630 volumus
1606 2604 1626 2630 1.
1640 2604 1666 2630 3.
1745 2603 1772 2637 ¹¹)
1790 2598 1951 2638 resumptum
1969 2603 1994 2631 2.
2013 2610 2042 2631 ⁴5

350 2635 368 2667 i)
388 2637 502 2669 uegliens
521 2636 545 2663 3.
648 2637 672 2671 k)
692 2658 698 2665 .
712 2658 718 2665 .
738 2641 798 2666 add.
817 2640 841 2667 2.
946 2642 964 2675 l)
983 2645 1102 2670 volumus
1120 2644 1144 2670 3.
1250 2646 1282 2678 m)
1301 2655 1377 2679 quam
1396 2648 1515 2673 omnibus
1539 2639 1607 2673 dee-et
1625 2646 1650 2673 3.
1756 2647 1783 2680 1Ἀ)
1801 2651 1827 2673 et
1845 2647 1907 2673 add-
1927 2645 1952 2673 2.
1970 2646 1996 2673 3·

351 2677 375 2709 ο)
394 2686 425 2704 ae
443 2679 468 2704 2·
554 2680 578 2711 1')
596 2682 725 2706 feodorum
744 2682 768 2708 3.
854 2684 879 2716 q)
898 2694 984 2718 regem
1002 2687 1197 2722 Romanor(um)
1215 2687 1240 2714 2.
1255 2688 1279 2715 3.
1365 2689 1390 2721 ¹')
1408 2698 1495 2724 regem
1513 2690 1710 2723 Romanor(um)
1729 2690 1746 2716 2
1752 2699 1761 2720 ,-
1779 2691 1851 2716 Rom.
1863 2698 1951 2723 regem
1969 2688 1994 2716 3.

351 2721 371 2752 ³)
389 2722 555 2747 exstinxissent
574 2723 602 2752 1‚·
623 2725 782 2751 astrixissent
800 2726 823 2751 2.
911 2727 930 2761 t)
949 2734 1062 2761 prestare
1081 2730 1105 2756 3.
1193 2729 1219 2764 u)
1237 2732 1352 2764 predicta
1370 2731 1394 2757 2.
1484 2733 1508 2766 v)
1526 2734 1623 2766 quibus
1641 2742 1752 2766 cumque
1770 2732 1794 2760 2.
1877 2731 1909 2766 ”)
1926 2741 1996 2766 80914-

351 2764 486 2789 verborum
505 2765 577 2791 delet.
597 2765 620 2791 1.
689 2767 714 2798 x)
734 2768 760 2792 in
779 2773 905 2801 posterum
923 2770 947 2796 3.
1016 2771 1041 2805 5)
1061 2773 1128 2798 deest
1146 2773 1170 2799 2.
1241 2774 1264 2806 ²)
1285 2775 1410 2801 Volumus
1429 2775 1452 2801 3.
1523 2777 1546 2807 a)
1564 2780 1631 2803 auct·
1644 2785 1686 2809 ap.
1705 2776 1730 2802 3.
1800 2775 1826 2808 ¹¹)
1845 2779 1956 2802 “curet
1969 2774 1995 2802 2·

351 2805 374 2837 ι’)
394 2825 419 2831 ..
438 2807 498 2833 add.
517 2806 541 2832 2.
628 2807 652 2840 ¹¹)
671 2817 737 2835 corr.
756 2819 785 2836 ex
803 2812 877 2837 iidem
895 2812 919 2838 2.
1007 2815 1030 2846 θ)
1048 2823 1078 2841 ac
1097 2816 1119 2841 1.
1213 2815 1234 2849 f)
1252 2817 1386 2844 interesset
1404 2818 1429 2844 2.

2010 2823 2040 2845 50

2158 2736 2184 3126 ΜΕΜΔἮΜΜΜΜ
2167 2698 2184 2706 ,ἒ
2176 2600 2177 2603 Α
