2184 3126
232 2171 283 2194 Mai.
299 2174 334 2194 29.

356 163 417 193 766
592 158 688 186 ACTA
706 157 820 185 REGNI
838 156 1023 184 LUDEWICI
1042 156 1089 183 IV.
1107 155 1154 183 ΕΤ
1173 155 1358 183 FRIDERICI
1377 155 1426 183 111.
1463 155 1538 183 1324.
1574 154 1624 182 Nr.
1635 154 1695 182 927.
1712 155 1772 183 928.

354 248 513 282 triumphos
531 250 560 275 et
584 255 683 273 nomen
701 245 844 273 laudabile
862 247 926 272 sunt
949 244 1050 271 sortiti.
1094 244 1165 271 Sane
1188 253 1249 271 cum
1274 244 1412 272 veraciter
1435 244 1556 272 sciamus
1579 246 1608 272 te
1631 245 1795 280 precipuum
1820 246 1850 273 in
1875 246 2005 281 partibus

355 301 437 328 italie
456 309 506 335 pro
524 307 603 326 sacro
621 298 738 333 imperio
756 297 883 332 pugilem
901 296 1029 324 extitisse
1047 296 1119 322 nulli
1139 296 1278 330 parcendo
1297 295 1437 330 periculo,
1461 295 1538 323 oneri
1556 296 1601 323 vel
1620 296 1710 323 labori
1728 304 1762 323 ac
1779 296 1892 325 iustitia.
1910 299 1961 325 tua
1978 300 2008 326 st

354 351 441 378 animi
460 350 604 385 probitate
623 350 712 376 victos
730 349 764 375 de
782 348 910 375 hostibus
929 348 1045 374 devotos
1063 356 1114 382 pro
1132 347 1251 382 imperio
1270 347 1392 375 tenuisse
1411 349 1445 374 et
1463 347 1559 375 devios
1576 347 1702 375 infideles
1719 348 1757 375 ad
1775 348 1856 376 fidem
1875 349 2008 384 gratiosis

354 403 463 429 meritis
482 402 624 434 invitasse,
644 401 769 428 volentes
787 399 981 434 premissorum
1001 400 1119 426 obtentu
1139 399 1273 426 extollere
1285 407 1386 426 nomen
1399 400 1479 426 tuum
1493 400 1522 426 et
1533 400 1563 426 te
1581 399 1763 435 prerogativa
1775 400 1889 435 spetiali
1902 400 2008 435 magni-

354 456 403 482 fice
427 456 573 486 honorare,
598 453 765 480 vicariatum
788 451 913 479 civitatis
936 447 1066 478 Pistorii
1094 449 1128 478 et
1150 445 1272 489 toti[us]
1297 446 1468 478 comitatus
1494 450 1527 478 et
1550 446 1711 487 districtus
1734 447 1879 480 eiusdem
1906 458 1945 480 ac
1974 448 2007 480 in
2037 457 2051 477 ι

355 501 502 533 omnibus
524 501 594 532 aliis
618 500 710 531 terris
732 499 800 530 sitis
822 498 905 530 infra
928 498 1065 530 confinia
1093 498 1278 540 supradicta
1308 501 1342 530 et
1367 498 1399 530 in
1431 498 1552 530 diocesi
1579 499 1727 540 Lucana,
1756 498 1946 531 Pistoriensi
1974 503 2008 532 et

353 553 495 584 Lunensi
510 556 682 583 auctoritate
698 555 777 590 regia
798 556 897 582 nostro
921 556 950 582 et
973 554 1046 581 sacri
1061 554 1174 589 imperii
1197 554 1258 581 vice
1281 556 1311 581 et
1325 554 1439 582 nomine
1456 563 1545 589 usque
1567 555 1603 582 ad
1626 556 1754 582 nostrum
1777 555 1822 583 vel
1838 555 2007 584 successoris

352 608 443 635 nostri
459 608 668 635 Romanorum
685 606 865 641 imperatoris
888 608 951 633 aut
973 606 1048 641 regis
1071 606 1282 641 beneplacitum
1306 607 1336 633 et
1351 606 1529 634 voluntatem
1543 606 1598 634 tibi
1613 606 1817 634 committimus
1840 609 1870 635 et
1892 607 1922 634 in
1937 607 2007 643 ipsis

352 660 468 687 civitate
497 659 530 686 et
556 655 709 686 comitatu
737 657 770 684 et
797 653 956 694 districtu,
984 657 1068 685 terris
1096 659 1126 685 et
1147 657 1217 684 locis
1240 666 1278 684 ac
1307 653 1455 685 omnibus
1481 654 1654 686 antedictisb
1677 667 1728 694 pro
1755 658 1838 686 nobis
1860 667 1898 687 ac
1927 667 2007 687 sacro

352 711 470 745 imperio
493 712 522 737 te
535 709 681 737 ‘vicarium
704 709 903 736 constituimus
927 710 956 736 et
979 709 1097 736 facimus
1112 709 1283 744 generalem.
1328 708 1522 737 Concedentes
1543 709 1599 737 tibi
1618 710 1776 745 plenariam
1796 710 2006 738 iurisditionem
2024 715 2051 736 ιο

351 762 381 789 in
404 762 533 789 omnibus
556 761 691 796 predictis
715 761 840 794 civitate,
864 760 947 788 terris
971 762 1000 788 et
1023 760 1099 793 loeis,
1123 759 1294 798 postquam
1319 766 1374 788 eas
1397 757 1583 798 acquisieris
1606 761 1640 790 et
1661 768 1719 799 pro
1743 757 1836 789 nobis
1859 761 1892 789 et
1915 767 2006 789 sacro

351 810 487 851 imperio
511 808 668 841 tenendas
692 808 750 840 tibi
773 807 1010 849 subiugaveri8‚
1039 814 1072 839 ut
1094 812 1185 847 possis
1209 811 1352 846 inquirere
1376 814 1406 839 et
1432 812 1533 847 punire
1560 814 1590 840 et
1611 812 1837 842 iurisdictionem
1859 812 2007 849 sanguinis

353 875 415 892 cum
438 874 515 892 mero
539 867 568 892 et
590 865 680 892 mixto
703 864 823 899 imperio
847 872 977 891 exercere
1000 863 1030 890 in
1052 872 1156 898 genere
1180 865 1209 891 et
1232 863 1261 890 in
1286 863 1378 898 spetie
1400 872 1452 898 per
1473 865 1503 892 te
1526 864 1571 891 vel
1594 864 1682 892 alium
1705 867 1756 892 aut
1777 865 1864 898 alios,
1893 865 1939 892 cui
1961 865 2007 893 vel

351 917 454 952 quibus
467 917 557 951 ipsam
574 915 803 943 iurisditionem⁰
826 915 999 942 commiseris
1016 915 1210 942 exercendam.
1247 915 1372 950 Recepto
1388 915 1521 950 primitus
1544 924 1562 943 a
1576 917 1606 944 te
1625 915 1794 950 iuramento,
1817 916 1893 951 quod
1915 917 2008 952 ipsam

351 968 558 996 iurisditionem
582 967 704 995 fideliter
727 975 867 999 exerceas,
890 967 962 993 nulli
985 966 1127 1001 parcendo
1148 966 1193 994 vel
1216 968 1316 994 contra
1338 966 1479 994 iustitiam
1503 967 1680 1001 offendendo,
1703 968 1753 995 sed
1775 968 1819 995 ius
1842 976 1924 995 suum
1946 967 2006 996 uni-
2025 978 2051 998 ιι

352 1021 452 1055 cuique
475 1020 635 1047 tribuendo.
680 1019 816 1046 Volentes
839 1027 891 1053 per
914 1018 987 1045 hanc
1010 1018 1223 1045 concessionem
1245 1020 1373 1045 nostram
1385 1018 1497 1046 *omnia
1519 1021 1550 1047 et
1571 1019 1684 1055 singula
1706 1019 1760 1046 tibi
1783 1028 1845 1047 esse
1865 1027 2009 1053 concessa,

352 1079 469 1104 quorum
489 1070 636 1105 spetialem
657 1069 878 1096 commissionem
897 1069 956 1096 fieri
975 1070 1138 1103 opporteret
1156 1070 1186 1095 et
1204 1077 1257 1102 que
1282 1068 1312 1095 in
1336 1069 1462 1104 generali
1487 1069 1680 1098 commissione
1703 1078 1760 1097 non
1782 1069 2010 1106 intelligerentur

353 1122 506 1154 commissa,
526 1121 580 1148 nisi
599 1122 633 1148 de
651 1121 721 1156 ipsis
739 1121 818 1148 fieret
836 1119 941 1147 mentio
960 1120 1098 1155 spetialis.
1169 1121 1200 1147 In
1219 1120 1298 1147 cuius
1316 1120 1356 1148 rei
1374 1121 1565 1149 testimonium
1584 1123 1730 1156 presentes
1747 1121 1802 1150 tibi
1820 1122 1967 1158 dirigimus
1979 1124 2010 1150 et

351 1174 508 1201 tradimusd
527 1173 698 1208 appensione
717 1173 804 1208 sigilli
823 1173 895 1207 regii
915 1172 1107 1200 communitas.

459 1225 562 1252 Datum
587 1225 616 1251 in
639 1225 727 1259 regali
748 1225 832 1259 opido
856 1225 950 1251 nostro
968 1224 1166 1256 Franchforte,
1190 1223 1252 1250 1111.
1268 1223 1344 1251 Kal.s
1361 1224 1446 1255 Iunii,
1465 1232 1538 1251 anno
1557 1223 1669 1251 Domini
1686 1223 1906 1257 Mcccxxlm,
1927 1224 2007 1260 regni
2025 1229 2052 1251 20

349 1285 414 1304 vero
434 1277 521 1304 nostri
542 1285 615 1303 anno
633 1277 666 1303 X.

361 1460 614 1507 928—930.
653 1457 1052 1507 PUBLICATIO
1084 1459 1538 1507 PROCESSUUM
1565 1427 1636 1506 ‘m
1664 1457 1986 1507 DIOECESI

921 1528 1442 1576 SALZBURGENSI.

751 1611 860 1648 1324.
895 1611 979 1648 Mai.
1001 1612 1219 1648 asi—Iun.
1245 1611 1303 1648 18.
1330 1630 1381 1636 —
1411 1611 1506 1655 (Iun.
1535 1610 1620 1655 Iul.)

584 1731 671 1767 928.
711 1733 984 1769 lustramentum
1006 1733 1264 1779 publicationis.
1371 1731 1462 1767 Mai.
1482 1733 1544 1767 29.
1557 1731 1694 1768 —Iwm
1711 1733 1770 1768 18.
1961 1764 1967 1771 .
2024 1747 2051 1768 π,

465 1804 625 1846 Oriyinale
661 1806 763 1838 tribus
799 1807 990 1839 membranis
1026 1810 1173 1839 constans
1206 1807 1242 1839 in
1279 1805 1439 1838 tabulario
1475 1805 1630 1838 Vaticano
1666 1804 1750 1838 inter
1780 1807 2009 1840 ‘Instrumenta

349 1856 557 1888 Miscellanea
579 1867 610 1890 a.
627 1858 720 1889 1324.
745 1867 828 1898 cap-3.
845 1858 889 1891 11
892 1858 909 1890 ’.
962 1859 1006 1890 In
1029 1859 1120 1891 dorso
1143 1858 1274 1899 legitur:
1302 1857 1423 1890 Contra
1445 1857 1618 1890 Bavarum.
1651 1876 1691 1881 —
1718 1858 1781 1891 Ed,
1798 1859 1892 1900 Lany
1914 1859 2009 1892 ‘Acta

346 1908 772 1949 Salzburyo-Aquilejensia’
796 1910 824 1948 Ι,
841 1912 883 1941 74
904 1921 954 1942 nr.
969 1911 1010 1941 60
1033 1920 1072 1942 ea:
1095 1921 1140 1944 or.
1186 1910 1369 1942 Eli-itionem
1389 1909 1570 1950 repetimus.

457 1968 532 2009 Rey.
549 1969 652 2001 Lo‘her
680 1969 743 2002 loco
770 1980 872 2010 supra
899 1971 943 2002 ad
967 1981 1018 2004 nr.
1033 1971 1098 2002 289
1126 1971 1223 2003 citato
1246 1981 1281 2011 p.
1298 1971 1362 2003 255
1385 1981 1434 2003 nr.
1450 1972 1532 2010 207,·
1560 1970 1869 2012 heqer-Ram
1892 1981 1927 2012 p.
1942 1972 2009 2004 272

347 2030 395 2051 nr.
413 2021 492 2058 173;
514 2020 631 2052 Mollat
653 2021 784 2053 ‘Lettres
807 2022 996 2054 communes’
1019 2032 1070 2054 nr.
1086 2022 1204 2053 20385.
2023 2031 2051 2052 ω

455 2110 492 2141 In
515 2111 643 2142 nomine
666 2111 797 2143 Domini
820 2122 925 2144 amen.

456 2162 481 2200 (1
490 2163 500 2201 )
521 2163 615 2194 Anno
623 2164 798 2195 nativitatis
808 2163 952 2196 eiusdem
960 2164 1131 2196 millesimo
1139 2164 1367 2196 trecentesimo
1375 2164 1529 2196 vicesimo
1539 2167 1663 2207 quarto,
1674 2164 1728 2196 die
1736 2163 1861 2196 XXIX.
1875 2163 2007 2207 [mensis

348 2210 424 2242 Maii
441 2236 448 2243 .
466 2237 472 2244 .
490 2218 513 2244 ‚¹⁵
529 2212 756 2255 re]verendus⁸²
779 2215 811 2246 in
835 2214 963 2247 Christo
986 2218 1081 2257 pater
1104 2215 1253 2248 dominus
1275 2216 1459 2248 Fridericus
1481 2216 1743 2258 archiepiscopus
1763 2215 2007 2258 Salzburgensis

347 2263 522 2304 apostolice
546 2265 630 2296 sedis
653 2266 780 2307 legatus
803 2267 834 2297 in
857 2268 1022 2308 presentia
1046 2266 1123 2310 [mei
1146 2267 1211 2309 et]'’
1233 2267 1360 2310 college
1382 2268 1448 2299 mei
1475 2268 1674 2299 notariorum
1697 2270 1731 2299 et
1753 2268 1884 2299 testium
1906 2267 2006 2299 infra-

349 2315 536 2355 scriptorum
553 2315 726 2359 Salzburge
742 2318 774 2349 in
791 2328 920 2350 camera
943 2330 1002 2351 sua
1017 2319 1177 2351 commisit
1200 2318 1339 2351 discreto
1362 2320 1430 2351 viro
1454 2319 1584 2351 domino
1599 2318 1754 2351 Heinrico
1774 2319 1900 2351 notario
1917 2319 2005 2351 curie
2025 2324 2052 2344 ³⁵

349 2376 418 2406 sue,
442 2370 477 2398 ut
499 2378 556 2408 pro
579 2371 671 2409 parte
694 2370 792 2410 ipsius
815 2370 936 2402 domini
959 2371 1194 2413 archiepiscopi
1217 2370 1354 2412 diceret,
1377 2371 1559 2413 preciperet
1581 2373 1615 2403 et
1636 2370 1806 2403 mandaret
1828 2369 2006 2403 venerabili

348 2417 416 2448 viro
433 2417 561 2450 domino
578 2419 748 2452 Chonrado
763 2421 927 2463 preposito
944 2421 1182 2463 Salzburgensi,
1206 2421 1293 2463 quod
1309 2420 1485 2463 capitulum
1501 2424 1535 2454 et
1548 2422 1709 2463 reliquum
1732 2421 1853 2453 clerum
1869 2420 2006 2453 ecclesie

349 2466 614 2512 Salzburgen(sis)
639 2476 830 2504 convocaret
846 2476 878 2504 et
894 2476 1107 2515 congregaret
1129 2476 1163 2505 et
1184 2475 1252 2505 tam
1275 2473 1337 2514 ipsi
1361 2483 1459 2515 quam
1481 2473 1528 2505 illi
1551 2473 1604 2505 die
1627 2473 1775 2515 sequenti
1798 2473 2006 2504 convenirent

349 2520 380 2550 in
404 2520 540 2552 ecclesia
562 2523 809 2564 metropolitana
838 2525 918 2556 hora
946 2526 1060 2566 misse,
1090 2535 1152 2567 que
1176 2524 1294 2556 eodem
1321 2524 1374 2556 die
1398 2525 1546 2567 sequenti
1569 2525 1610 2557 de
1633 2528 1743 2557 sancta
1765 2524 1869 2556 Maria
1892 2523 2005 2556 debuit

349 2570 569 2612 sollempniter
592 2573 769 2616 decantari,
801 2576 842 2607 ad
870 2587 966 2618 quam
995 2577 1094 2609 etiam
1121 2577 1260 2619 populus
1283 2577 1450 2609 consuevit
1472 2577 1589 2609 devote
1613 2586 1804 2609 concurrere
1827 2578 1862 2608 et
1883 2575 2004 2617 venire,
2022 2582 2051 2601 ⁴⁰

349 2706 368 2739 f)
387 2709 410 2733 Κ
430 2708 437 2733 ¹
455 2663 522 2734 9272.
549 2665 574 2699 b)
593 2669 744 2700 supradictis
763 2670 786 2695 1.
897 2671 920 2703 ⁰)
939 2672 1140 2698 concesseris
1158 2672 1207 2698 vel
1227 2672 1289 2697 add.
1307 2671 1332 2698 2.
1444 2670 1470 2704 ἃ)
1488 2672 1571 2698 tradd.
1591 2671 1615 2698 1.
1728 2670 1752 2704 Θ)
1769 2671 1961 2698 Franchenfurt
1979 2670 2004 2696 1.

413 2716 479 2734 aen.
518 2728 524 2734 .

451 2766 517 2795 928.
544 2767 568 2802 ⁸)
587 2770 675 2802 aliqua
692 2772 768 2797 verba
785 2773 918 2806 illeyibilia
937 2783 974 2800 or.
1062 2776 1087 2808 b)
1105 2777 1178 2802 uncis
1195 2777 1297 2802 inclusa
1315 2777 1434 2810 suppleta
1451 2781 1511 2802 ειιηι
1529 2785 1567 2802 or.
