2190 3172
466 152 563 183 ACTA
580 151 695 188 REGNI
713 151 895 180 LUDEWICI
914 151 962 180 lv.
980 150 1026 178 ET
1045 149 1229 178 FRIDERICI
1248 149 1297 177 111.
1334 149 1409 177 1818.
1445 149 1494 176 Nr.
1506 149 1565 177 497.
1584 150 1643 178 498.
1810 155 1872 185 403

401 287 475 324 497.
509 284 844 324 RESIGNATIO
867 284 1028 323 FEUDI
1050 284 1123 321 AB
1151 282 1383 322 IMPERIO
1405 281 1701 321 MOVENTIS.

906 353 1014 390 1318.
1053 352 1123 390 Iul.
1143 352 1204 389 26.

337 445 498 487 Oriqinale
520 447 594 487 (or.)
622 446 659 478 in
686 444 844 478 tabulario
866 444 1005 477 civitatis
1029 443 1254 477 Goshvriensis.
1309 443 1426 485 sigilla
1452 444 1589 484 pendent
1617 444 1695 477 loris
1724 445 1875 477 membra-

224 498 340 530 naceis,
368 516 410 522 -
439 498 501 530 Ed.
529 497 795 531 ‘Urkundenbuch
822 496 878 529 der
900 495 993 529 stadt
1018 495 1147 528 Goszar’
1169 495 1246 534 III,
1270 495 1334 527 324
1364 506 1415 528 nr.
1436 496 1500 528 473
1528 506 1567 528 ea:
1595 506 1640 528 or.
1692 495 1876 529 Editionem

195 563 206 582 ο
225 549 404 590 repetimus.

333 626 543 659 Serenissimo
577 637 614 659 ac
649 626 919 659 excellentissimo
950 625 1080 658 domino
1115 635 1172 657 suo
1202 625 1355 658 Lodwico
1388 625 1609 658 Romanorum
1643 627 1712 668 regi
1746 636 1877 669 semper

225 681 363 721 augusto
394 677 457 710 Dei
489 679 594 721 gratia
688 677 873 719 Oonradus,
910 677 1072 710 Iohannes
1105 680 1139 710 et
1170 676 1328 709 Ludolfus
1362 678 1497 711 comites
1531 677 1607 710 dicti
1642 677 1682 711 de
1716 677 1874 711 Wolden-

225 730 347 774 berghe
435 740 508 762 cum
532 731 618 762 omni
641 730 764 762 honore
787 734 820 762 et
842 729 1022 762 reverentia
1045 729 1170 761 servicii
1193 729 1243 761 sui
1265 729 1552 771 promptitudinem
1576 740 1648 762 cum
1672 729 1798 763 effectu.

331 781 448 824 Regali
477 784 582 814 vestre
614 781 856 824 magnificencie
887 780 979 813 nobis
1005 791 1134 823 semper
1161 780 1298 813 colende
1330 781 1538 814 advocaciam
1567 792 1664 824 super
1693 781 1875 824 quindecim

183 843 208 863 ιο
225 844 354 867 mansos
377 834 454 866 sitos
476 833 509 865 in
524 833 600 866 villa
617 833 881 866 Tsemmenstede
904 833 1102 876 pertinentes
1125 832 1261 865 ecclesie
1285 836 1467 866 sanctorum
1490 833 1710 876 apostolorum
1727 833 1877 876 Symonis

226 889 260 919 et
280 885 362 918 Iude
384 885 418 917 in
441 884 603 926 Goslaria,
633 896 730 927 quam
753 885 795 917 ab
817 884 926 918 inclito
949 885 1096 918 Romano
1118 885 1255 927 imperio
1279 889 1313 917 et
1334 886 1435 918 nostri
1457 887 1681 929 progenitores
1704 890 1877 919 tenuerunt

226 940 259 970 et
280 947 339 970 nos
360 937 526 979 hucusque
548 937 708 969 tenuimus
731 937 763 969 in
785 936 932 979 pheodo,
964 946 1061 980 quam
1091 937 1193 969 eciam
1221 936 1369 968 domiuus
1391 936 1550 970 Ecbertus
1577 937 1682 970 dictus
1711 937 1752 970 de
1775 939 1876 971 Asse-

225 988 325 1022 borch
350 988 444 1020 miles
477 998 498 1020 a
530 988 623 1020 nobis
654 988 757 1021 tenuit
790 989 822 1020 in
851 987 997 1030 pheodo,
1027 987 1206 1021 voluntarie
1238 998 1276 1020 ac
1303 987 1405 1021 libere
1434 999 1494 1031 per
1519 994 1705 1031 presentem
1735 989 1876 1022 litteram

225 1041 435 1083 resignamus.
522 1040 562 1071 In
585 1041 674 1072 cuius
695 1041 742 1072 rei
759 1040 975 1072 testimonium
991 1039 1142 1072 duximus
1163 1039 1247 1072 hanc
1267 1043 1451 1082 presentem
1467 1040 1607 1073 litteram
1627 1041 1741 1084 sigillis
1760 1042 1878 1074 nostris

182 1103 207 1124 ιι
225 1092 359 1125 firmiter
380 1091 606 1124 roborandam.

333 1143 454 1176 Datum
478 1154 561 1175 anno
584 1143 716 1176 Domini
737 1142 983 1182 Moccxvm,
1006 1143 1039 1174 in
1061 1143 1197 1175 crastino
1221 1142 1309 1175 beati
1332 1143 1443 1176 Iacobi
1467 1145 1614 1186 apostoli.

351 1319 425 1356 498.
459 1317 755 1356 PROMISSIO
778 1318 1280 1413 FIDFffiggffilsslsssgRO
1303 1317 1744 1360 ARCHIEPISCOPO

904 1444 1014 1481 1318.
1054 1443 1122 1480 Iul.
1143 1443 1204 1481 27.

183 1544 208 1564 ὀ
338 1535 500 1577 Oriyinale
534 1537 606 1576 (or.)
640 1536 677 1567 in
709 1535 868 1568 tabulario
896 1534 1038 1577 generali
1067 1535 1156 1576 reyni
1185 1534 1354 1567 Bawarici
1385 1535 1511 1569 ‘Mainz
1533 1536 1685 1577 Erzstift’
1717 1538 1796 1579 fasc.
1814 1540 1879 1572 197

227 1586 315 1630 (olim
336 1587 528 1629 ‘Nachtrdqe
546 1588 630 1630 fasc.
648 1586 729 1624 14’).
778 1587 1014 1627 Descripsimus
1034 1597 1102 1619 nos.
1153 1585 1317 1627 Sigillum,
1344 1587 1430 1628 quod
1450 1587 1516 1621 loro
1539 1599 1578 1621 ex
1602 1590 1673 1629 ipsa
1695 1591 1877 1624 membrana

226 1641 345 1672 exsecto
361 1639 528 1680 pendebat,
550 1640 758 1672 desideratur.
781 1658 823 1663 —-
847 1639 1017 1671 Ineditum.

335 1700 411 1742 Rey.
426 1700 530 1733 Boica
559 1700 594 1738 V,
619 1701 692 1732 388.

333 1786 405 1830 Ego
420 1778 597 1820 Aiberhtus
612 1786 767 1819 Hummel
790 1786 831 1818 de
846 1785 1084 1819 Liehtenberch
1107 1785 1276 1818 fideiussor
1291 1787 1482 1819 constitutus
1497 1787 1677 1820 reverendo
1700 1790 1732 1820 in
1748 1789 1877 1823 Christo

183 1853 208 1874 ιο
226 1840 311 1882 patri
334 1839 464 1871 domino
487 1838 587 1871 Petro
610 1839 855 1881 archiepiscopo
877 1838 1068 1880 Moguntino
1100 1849 1141 1870 ex
1168 1842 1261 1880 parte
1291 1839 1487 1871 serenissimi
1515 1839 1636 1872 domini
1663 1842 1728 1873 mei
1755 1842 1877 1874 domiui

226 1891 420 1934 Lud(owioi)
443 1891 664 1924 Romanorum
694 1891 781 1933 regis
810 1890 938 1932 publice
965 1900 1177 1932 recognosco,
1207 1891 1359 1932 cupiens·
1387 1890 1430 1922 ad
1457 1895 1644 1923 cunctorum
1674 1895 1876 1934 presencium

226 1943 442 1986 inspectorum
464 1943 616 1976 noticiam
636 1943 814 1985 pervenire,
839 1942 925 1984 quod
949 1953 1010 1984 ego
1026 1942 1208 1974 induciatus
1230 1953 1250 1974 a
1265 1942 1392 1984 prefato
1409 1942 1538 1975 domino
1561 1954 1635 1976 meo
1660 1969 1667 1976 .
1685 1968 1693 1976 .
1717 1946 1876 1988 archiepi—

227 2005 325 2038 scopo
340 1995 530 2037 Moguntino
554 2005 655 2036 usque
679 1994 721 2026 ad
744 1995 862 2026 festum
885 1994 1117 2036 assumpcionis
1140 1993 1236 2026 beate
1252 1993 1354 2026 Maris
1377 1994 1510 2037 virginis
1532 1997 1679 2037 proxime
1702 1997 1875 2030 affuturum
1890 2006 1993 2034 Augus.

226 2047 379 2090 promitto
402 2047 542 2079 fideliter
565 2050 598 2079 et
621 2046 806 2079 astrictumb
829 2056 881 2078 me
910 2056 980 2077 esse
1008 2045 1115 2078 fateor
1141 2045 1199 2077 sub
1226 2046 1422 2088 iuramento,
1455 2057 1519 2089 quo
1547 2047 1579 2078 in
1609 2048 1769 2090 prioribus
1796 2050 1878 2081 meis

183 2112 208 2132 ιο
226 2099 363 2132 litteris²
385 2099 493 2132 eidem
517 2099 646 2131 domino
671 2123 702 2131 ..
727 2098 970 2140 archiepiscopo
994 2108 1064 2129 sum
1087 2097 1220 2139 ligatus,
1245 2097 1331 2140 quod
1354 2097 1397 2129 ad
1422 2097 1604 2141 obstagium
1631 2103 1665 2131 et
1686 2100 1876 2133 solvendum

225 2150 439 2183 fideiussionis
462 2150 607 2183 debitum
630 2151 723 2183 venio
752 2152 785 2182 et
807 2150 917 2182 venire
944 2152 1058 2181 teneor
1085 2149 1206 2191 absque
1231 2149 1317 2181 omni
1340 2150 1521 2182 municione
1545 2150 1577 2182 in
1599 2151 1876 2185 Aschafl'enburch

226 2213 323 2244 super
345 2202 464 2235 festum
486 2203 717 2244 assumpcionis
745 2202 841 2233 beate
865 2201 967 2233 Mai-ie
990 2201 1122 2242 virginis
1144 2203 1349 2243 prenotatum
1378 2201 1454 2233 inde
1478 2201 1660 2234 nullatenus
1683 2213 1876 2246 recessurus,

227 2254 328 2287 donec
356 2254 462 2287 eidem
486 2253 615 2286 domino
641 2278 673 2286 ..
698 2253 940 2295 archiepiscopo
971 2262 1013 2284 ex
1041 2255 1134 2294 parte
1161 2251 1280 2293 prefati
1309 2251 1430 2284 domini
1458 2254 1522 2285 mei
1547 2259 1599 2286 ..⁰
1623 2255 1709 2297 regis
1736 2255 1777 2287 de
1804 2255 1876 2297 hiis,

226 2317 284 2349 pro
308 2305 423 2348 quibus
446 2316 516 2338 sum
539 2306 698 2345 astrictus,
723 2315 786 2348 que
809 2305 841 2336 in
857 2304 972 2336 litteris
991 2304 1072 2335 meis
1088 2303 1246 2345 prioribus
1269 2304 1375 2346 sigillo
1397 2314 1471 2336 meo
1495 2305 1642 2348 sigillatis
1665 2308 1876 2348 continentur,

183 2369 207 2389 ιο
226 2357 370 2400 plenarie
386 2357 530 2390 satisfiat.
568 2357 677 2389 Paetis
692 2357 772 2389 meis
793 2359 826 2388 et
841 2356 956 2387 litteris
972 2354 1141 2397 prioribus,
1165 2354 1280 2397 quibus
1296 2354 1403 2388 eidem
1420 2355 1550 2389 domino
1574 2381 1582 2389 .
1600 2382 1607 2389 .
1631 2357 1876 2401 archiepiscopo

226 2419 340 2441 noscor
363 2408 524 2451 obligatus
547 2419 644 2450 super
666 2408 869 2440 fideiussione
894 2406 1090 2447 huiusmodi,
1114 2406 1243 2438 omnino
1266 2407 1298 2438 in
1321 2418 1379 2439 suo
1402 2408 1519 2441 robore
1543 2408 1712 2443 duraturis.
1750 2409 1876 2442 Harum

226 2461 409 2493 testimonio
432 2461 613 2493 litterarum
636 2460 733 2502 sigilli
755 2460 821 2491 mei
843 2459 1018 2491 munimine
1042 2459 1251 2500 signatarum.

334 2511 409 2544 Dat.
427 2511 661 2554 Strubing(en)‚
683 2511 742 2543 VI.
758 2511 874 2543 Kalen.
890 2510 1039 2553 Augusti,
1064 2520 1147 2541 anno
1171 2509 1302 2542 Domini
1323 2509 1442 2544 MCCC
1466 2511 1592 2545 decimo
1616 2517 1743 2546 octavo.

330 2658 396 2697 48'8.
423 2669 447 2701 εὑ)
460 2669 597 2703 praecedit
609 2677 705 2694 rasura
717 2668 794 2694 αηίω
806 2669 904 2696 litterae
916 2670 1026 2703 spatium
1038 2669 1190 2702 adaequavi·
1203 2679 1240 2695 or.
1324 2670 1349 2703 ιΦ)
1363 2671 1453 2705 primo
1465 2676 1476 2698 t
1487 2681 1555 2698 corr.
1568 2682 1599 2698 ez
1613 2682 1625 2699 s
1637 2683 1676 2699 or.
1758 2672 1782 2706 c)
1802 2692 1808 2699 .
1821 2693 1829 2700 .
1847 2674 1874 2698 in

184 2719 211 2739 ω
229 2712 298 2739 linea
311 2717 371 2746 post
389 2712 451 2738 aad.
470 2721 507 2738 or.

332 2777 358 2809 1)
379 2775 504 2803 Servatus
521 2783 576 2802 non
594 2778 667 2802 sunt.
705 2774 747 2807 C'f.
765 2783 852 2809 supra
869 2782 911 2802 nr.
924 2779 981 2802 442.

1619 2832 1668 2858 51⁸
