2190 3172
409 229 506 258 ACTA
525 229 638 258 REGNI
657 229 839 258 LUDEWICI
858 230 904 257 IV.
923 230 968 258 ΕΤ
988 229 1172 259 FRIDERICI
1191 231 1239 259 111.
1277 232 1351 259 1815.
1388 232 1435 260 Nr.
1449 232 1508 260 214.
1526 233 1586 260 215.
1760 238 1811 267 191

175 316 339 349 voluntate
369 316 525 359 sepedicti
555 316 667 348 Georii
694 317 725 348 in
754 315 847 358 Spita
873 317 924 348 vel
941 316 1127 350 Wormacia
1159 329 1193 351 se
1221 319 1376 361 recipient
1404 322 1438 351 et
1460 321 1604 362 recipere
1628 321 1819 352 tenebuntur

174 368 311 411 propriis
334 369 366 400 in
389 369 534 410 personis
557 367 614 400 sub
637 367 861 408 fideidacione‚
885 379 981 410 quam
1005 370 1121 411 singuli
1144 370 1350 412 singulariter
1365 372 1583 413 prestiterunt,
1608 371 1650 403 ad
1674 382 1817 404 conmes-

174 420 319 452 saciones
341 419 452 452 solitas
475 423 508 452 et
530 422 700 452 consuetas
722 429 781 462 per
803 419 932 452 obsides
955 420 1129 462 faciendas,
1153 421 1271 454 abinde
1295 422 1481 455 nullomodo
1506 424 1634 464 exituri,
1651 434 1818 466 quousque

175 471 261 503 dicto
284 471 404 504 Georio
435 471 475 504 de
505 474 590 504 sorte
622 471 790 514 principali
818 474 851 504 ct
878 471 1041 514 dampnis,
1072 474 1098 505 si
1128 473 1261 506 forsitan
1287 474 1349 516 ipsi
1372 473 1492 507 Georio
1515 475 1601 517 apud
1624 475 1744 507 Iudeos
1767 476 1818 508 vel

142 534 156 554 ι
174 523 238 555 alio
269 533 470 566 quocumque
497 522 594 555 modo
625 526 860 563 accrescerent,
888 523 1088 565 integraliter
1116 528 1149 556 et
1178 525 1322 567 plenarie
1352 527 1495 558 satisfiat.
1545 527 1684 559 Licitum
1715 528 1817 559 eciam

174 575 236 607 erit
261 574 414 617 predictis
444 574 630 607 obsidibusb
659 574 700 607 de
730 574 783 606 die
816 575 863 607 ire
886 575 938 607 vel
969 586 1172 618 quocumque
1202 577 1359 609 voluerint
1388 579 1549 620 equitare,
1579 578 1753 611 dummodo
1776 578 1818 611 ad

173 626 317 668 hospicia
339 627 417 669 ipsis
440 626 595 669 deputata
617 629 692 658 ante
714 627 817 658 noctis
841 626 991 659 tenebras
1014 631 1224 669 revertantur,
1249 628 1362 661 fraude
1386 633 1419 661 et
1443 630 1517 661 dolo
1541 631 1668 672 penitus
1684 631 1818 663 circnm-

173 678 309 720 scriptis.
396 678 434 710 In
463 678 552 710 cuius
585 678 633 710 rei
666 677 866 710 evidenciam
900 683 1068 721 presentes
1102 679 1162 711 sibi
1197 680 1345 712 dedimus
1372 682 1550 713 maiestatis
1579 685 1686 714 nostre
1721 682 1817 724 sigilli

173 730 349 763 munimine
373 730 585 772 consignatas.

131 793 156 813 ιο
281 781 355 814 Dat.
390 782 423 813 in
456 782 567 814 castris
594 781 810 814 Walihsheim
843 792 944 825 prope
979 782 1120 824 Spiram,
1161 793 1244 815 anno
1277 783 1407 816 Domini
1440 784 1636 826 MCGCXV,
1669 785 1709 817 V.
1734 785 1816 817 Non.

172 832 295 874 Marcii,
319 833 410 876 regni
432 843 509 865 vero
531 834 632 865 nostri
654 842 738 866 anno
761 834 875 876 primo.

261 1009 357 1055 215.
384 1008 479 1054 216.
520 998 913 1055 PRIVILEGIA
941 1010 1229 1057 EIUSDEM
1255 1009 1384 1057 PRO
1414 1010 1723 1058 CIVITATE

726 1072 1256 1123 HAGENOWENSI.

839 1151 948 1188 1315.
989 1151 1095 1188 Mart.
1116 1152 1152 1189 4.

129 1215 153 1236 ιο
282 1205 331 1246 Os.
351 1206 442 1246 infra
462 1216 512 1238 nr.
528 1206 592 1238 240
614 1209 643 1239 et
661 1207 734 1240 241.

620 1304 706 1342 215.
746 1305 970 1352 Privileyium
990 1306 1103 1353 prius.
1208 1307 1319 1343 Mart.
1338 1309 1372 1344 4.

283 1369 443 1411 oriymk
466 1370 540 1414 (or.)
568 1370 604 1403 in
630 1370 788 1404 tabulario
815 1372 898 1413 reyio
921 1371 1129 1405 Berolinensi.
1185 1372 1386 1406 Contulimus
1413 1384 1478 1406 nos.
1530 1373 1651 1407 Pendet
1678 1373 1816 1416 sigillum

173 1422 240 1461 fere
254 1420 397 1454 illaesum
412 1421 477 1462 filis
491 1421 601 1454 sericis
618 1422 708 1455 rubei
723 1422 845 1456 coloris.
867 1441 909 1447 -—
932 1423 996 1456 Ed.
1020 1424 1260 1457 Winckelmamz
1282 1426 1375 1457 ‘Acta
1390 1425 1518 1466 imperii
1532 1426 1665 1458 inedita'
1687 1427 1737 1465 II,
1751 1428 1816 1459 239

171 1484 221 1507 nr.
238 1474 302 1506 458
323 1483 362 1506 ex
385 1484 430 1506 or.

127 1537 155 1558 no
278 1524 425 1564 Bahmen
448 1524 523 1567 Rey.
539 1525 652 1559 Ludw.
672 1537 706 1567 p.
724 1527 743 1558 5
766 1537 816 1559 nr.
833 1528 884 1558 74.

277 1598 469 1631 Ludewicus
500 1598 564 1631 Dei
594 1600 699 1642 gratia
728 1599 947 1632 Romanorum
976 1611 1035 1633 rex
1062 1611 1190 1644 semper
1219 1606 1372 1644 augustus
1465 1603 1621 1635 universis
1649 1607 1815 1646 presentes

170 1650 295 1683 litteras
316 1651 507 1693 inspecturis
594 1652 732 1693 gratiam
755 1662 845 1684 suam
869 1655 902 1684 et
925 1663 1019 1684 omne
1043 1653 1171 1685 bonum.

277 1701 346 1734 Etsi
369 1703 572 1735 maiestatem
595 1704 716 1746 regiam
740 1703 935 1746 generaliter
958 1704 999 1736 ad
1016 1715 1128 1737 omnes
1145 1705 1260 1737 deceat
1275 1716 1404 1737 manum
1422 1705 1598 1738 extendere
1614 1706 1815 1745 debitricem,

170 1754 323 1796 precipue
346 1757 454 1786 tamen
477 1765 543 1795 eos,
567 1765 647 1798 quos
669 1756 702 1787 in
723 1756 840 1788 nostris
864 1759 896 1788 et
919 1757 1046 1798 imperii
1069 1757 1232 1799 obsequiis
1248 1758 1427 1799 paratiores
1449 1767 1507 1789 seu
1521 1757 1684 1789 fideliores
1700 1759 1816 1790 ceteris

128 1816 153 1838 a
172 1806 365 1848 reperimus,
402 1805 550 1848 ampliori
578 1807 684 1849 gratia
712 1810 860 1839 tenemur
889 1809 1041 1850 prosequi
1070 1811 1104 1840 et
1133 1808 1253 1840 favore.
1305 1808 1390 1841 Hinc
1417 1813 1466 1841 est
1493 1808 1579 1851 quod
1609 1809 1817 1851 prudentibus

172 1857 247 1889 viris
270 1857 391 1889 civibus
413 1858 529 1890 nostris
552 1861 585 1890 et
607 1859 734 1901 imperii
756 1859 788 1890 in
810 1858 1011 1901 Hagenowe,
1033 1859 1183 1892 fidelibus
1206 1861 1322 1892 nostris
1345 1860 1471 1892 dilectis
1497 1865 1630 1903 propter
1653 1862 1817 1903 incorrup-

172 1911 239 1941 tam
261 1908 337 1941 fidei
359 1919 416 1940 sue
439 1911 669 1952 constanciam,
694 1921 757 1953 qua
781 1921 859 1953 erga
881 1922 939 1943 nos
966 1914 999 1943 et
1021 1922 1146 1944 sacrum
1169 1913 1338 1954 imperium
1362 1916 1493 1944 actenus
1516 1912 1698 1945 claruerunt
1721 1917 1754 1945 et
1776 1913 1817 1945 ad

171 1970 303 2003 presens
331 1961 454 1993 clarent
482 1964 514 1993 et
540 1965 575 1993 ut
604 1972 771 2004 speramus
799 1962 929 1994 inantea
952 1963 1203 2005 conplacebunt,
1234 1963 1276 1995 ad
1299 1965 1399 1996 instar
1421 1964 1565 1996 divorum
1588 1965 1816 2007 imperatorum

171 2015 204 2045 et
225 2012 444 2044 Romanorum
474 2023 586 2055 regum
614 2013 879 2054 predecessorum
907 2018 1087 2047 nostrorum
1115 2015 1285 2047 illustrium
1315 2015 1481 2058 ungeltum
1505 2017 1642 2048 civitatis
1665 2017 1762 2058 ipsius
1785 2017 1817 2048 in

128 2076 155 2098 ω
171 2074 247 2096 usus
269 2063 414 2096 eiusdem
437 2065 575 2096 civitatis
598 2075 656 2107 pro
679 2065 811 2098 arbitrio
836 2065 995 2098 dictorum
1018 2067 1133 2099 civium
1164 2067 1321 2099 donamus
1344 2070 1377 2099 et
1399 2067 1604 2100 concedimus
1627 2072 1816 2100 converten-

171 2113 247 2148 dum
279 2118 311 2148 et
340 2115 605 2158 predecessorum
632 2120 812 2149 nostrorum
841 2118 873 2149 in
903 2129 942 2150 eo
972 2118 1073 2150 factas
1101 2119 1228 2161 gracias
1250 2119 1485 2151 confirmamus.
1531 2119 1687 2152 Preterea
1710 2121 1817 2152 omnia

171 2166 339 2210 privilegia
356 2177 466 2200 eorum
483 2178 502 2199 a
520 2168 773 2211 quibuscumque
789 2169 1072 2212 predecessoribus
1088 2171 1203 2202 nostris
1225 2171 1302 2212 ipsis
1317 2170 1441 2203 indulta
1460 2181 1518 2203 seu
1535 2181 1687 2203 concessa
1710 2171 1817 2214 quoad

170 2217 353 2260 libertates,
376 2219 531 2260 honores,
555 2221 694 2262 gracias,
718 2221 965 2253 consuetudines
988 2221 1200 2264 approbatas,
1228 2226 1323 2264 prout
1345 2223 1406 2254 rite
1431 2226 1463 2255 et
1484 2222 1719 2255 rationabiliter
1741 2223 1818 2255 data

172 2273 244 2302 sunt
267 2273 300 2303 et
322 2281 490 2311 concessa,
518 2272 584 2304 sive
614 2272 646 2303 in
673 2282 793 2314 genere
817 2272 902 2305 facte
926 2274 988 2305 sint
1011 2274 1078 2305 sive
1101 2274 1133 2305 in
1156 2274 1282 2316 specie,
1307 2285 1348 2306 ex
1371 2273 1566 2306 liberalitate
1590 2275 1680 2316 regia
1702 2275 1816 2307 confir-

127 2334 154 2355 υ
171 2331 305 2355 mamus.
357 2322 412 2354 Ad
441 2322 502 2355 hec
529 2324 692 2365 premissis
719 2324 836 2367 graciis
864 2325 1006 2366 graciam
1039 2325 1196 2357 adicimus
1225 2325 1414 2368 specialem,
1446 2325 1532 2367 quod
1562 2336 1620 2358 nec
1648 2327 1769 2358 sturam
1796 2337 1816 2358 a

172 2373 325 2416 predictis
347 2374 469 2407 civibus
497 2375 685 2408 solvendam
712 2387 770 2408 seu
792 2376 968 2410 Iudeorum
991 2377 1096 2409 sturae
1119 2377 1197 2410 inibi
1223 2377 1490 2409 commorantium
1519 2378 1615 2409 alicui
1643 2377 1684 2410 de
1707 2382 1815 2410 cetero

171 2425 204 2457 in
230 2428 298 2458 toto
327 2425 380 2458 vel
406 2426 438 2458 in
460 2430 552 2469 parte
575 2438 640 2459 non
662 2427 876 2470 obligabimus
899 2429 992 2461 titulo
1021 2428 1151 2461 feodali.
1239 2427 1372 2472 Nul[li]·
1397 2439 1474 2471 ergo
1498 2429 1627 2461 omnino
1651 2430 1815 2462 hominum

171 2476 269 2510 liceat
290 2477 372 2510 hanc
395 2479 548 2520 paginam
570 2482 679 2512 nostre
702 2479 884 2512 donationis
907 2484 940 2512 et
962 2481 1211 2513 confirmationis
1233 2481 1406 2523 infringere
1423 2481 1475 2512 vel
1498 2482 1528 2512 ei
1551 2481 1584 2512 in
1605 2480 1713 2523 aliquo
1736 2492 1814 2513 ausu

171 2529 343 2561 temerario
367 2530 537 2562 contraire.
583 2530 617 2563 Si
633 2532 704 2573 quis
719 2534 829 2564 autem
851 2531 914 2564 hoc
929 2535 1124 2574 attemptare
1141 2533 1382 2575 presumpserit,
1403 2531 1656 2574 indignationem
1672 2536 1814 2564 nostram

126 2591 156 2613 4ο
173 2581 392 2622 gravissimam
417 2592 452 2614 se
474 2583 601 2615 noverit
622 2583 831 2615 incursurum.
919 2584 958 2616 In
981 2585 1070 2616 cuius
1092 2585 1140 2616 rei
1162 2585 1380 2616 testimonium
1403 2587 1572 2626 presentes
1597 2583 1714 2616 exinde
1738 2595 1813 2616 con-

172 2631 268 2665 scribi
290 2635 324 2664 et
345 2633 525 2666 maiestatis
548 2637 655 2666 nostre
678 2634 783 2676 sigillo
806 2635 955 2667 iussimus
978 2636 1175 2668 communiri.

276 2683 353 2716 Dat.
376 2685 410 2727 in
432 2685 543 2718 castris
570 2696 671 2728 prope
695 2685 837 2728 spiram,
865 2697 948 2719 anno
971 2687 1101 2719 Domini
1124 2688 1294 2720 millesimo
1318 2687 1542 2719 trecentesimo
1566 2686 1813 2728 quintodecimo.

171 2733 249 2768 ῙΠΙ.
264 2735 348 2768 Non.
364 2735 488 2777 Marcii,
512 2738 603 2780 regni
625 2748 701 2770 vero
723 2739 824 2771 nostri
844 2748 928 2771 anno
952 2740 1066 2781 primo.

273 2811 340 2840 214·
367 2812 393 2847 ι’)
411 2814 439 2839 ὄπ
457 2814 512 2840 loco
530 2823 607 2847 nuo,-
620 2815 696 2848 priua
713 2815 835 2847 uer-'ptum
852 2820 909 2842 erat
927 2816 1178 2842 fideiussoribus
1197 2825 1234 2842 or.

129 2867 157 2888 ⁴³
276 2863 341 2892 215.
367 2864 391 2898 ⁸)
409 2865 428 2891 li
446 2865 514 2892 dccet
528 2866 557 2892 t'n
569 2867 627 2900 sinc
642 2866 725 2893 lineas
742 2875 780 2893 or.
