2184 3126
237 2379 284 2400 Oct.
294 2382 314 2401 Β,

326 224 389 254 622
526 220 623 249 ACTA
641 219 755 247 REGNI
772 218 959 246 LUDEWICI
977 218 1024 245 IV.
1042 216 1089 244 ET
1108 215 1295 243 FRIDERICI
1313 216 1363 243 111.
1400 216 1475 244 1323.
1506 215 1560 246 ,Nn
1573 217 1632 244 796.
1651 217 1710 244 797.
1729 217 1787 245 798.

433 306 607 348 Rodulpho
630 306 781 347 episcopo
805 304 1080 346 Const(antiensi).

434 359 575 390 Litteras
602 360 674 389 tuas
700 357 839 398 benigne
867 357 1063 397 recepimus,
1098 364 1178 396 quas
1208 364 1268 395 per
1297 353 1451 385 dilectum
1479 353 1579 386 filium
1614 354 1793 387 Iohannem
1820 353 1981 388 Etterlani

327 410 479 441 clericum
503 412 536 441 et
557 409 702 440 nuntium
724 411 814 439 tuum
839 407 915 439 dato
938 407 999 438 sibi
1014 406 1114 438 verbo
1139 405 1304 437 credentis
1328 405 1420 436 nobis
1442 406 1569 438 noviter
1583 407 1796 448 transmisisti,
1818 406 1980 449 plenoque

326 461 492 493 intellectu
516 461 722 501 concepimus
745 463 811 491 tam
835 469 897 500 que
921 458 1128 490 continebant
1150 456 1312 488 huismodi
1334 457 1443 488 littere
1467 467 1564 499 quam
1588 467 1653 499 que
1674 457 1763 491 idem
1785 459 1916 491 nuntius
1939 469 1982 492 ex

326 515 418 554 parte
441 516 496 544 tua
519 511 611 543 nobis
633 511 743 542 retulit
765 511 838 542 viva
860 520 950 541 voce.
996 509 1101 551 Super
1124 508 1239 551 quibus
1267 518 1341 539 cum
1362 508 1575 541 intentionem
1598 512 1742 542 nostram
1763 509 1823 541 tibi
1846 511 1980 552 petieris
2011 521 2024 540 s

327 563 495 604 explicari,
525 573 598 594 care
626 563 739 603 frater,
768 561 845 603 quid
874 571 970 602 super
999 561 1062 592 illis
1092 560 1302 601 intendimus,
1334 559 1392 591 tibi
1422 561 1523 593 series
1544 561 1667 593 indicat
1688 571 1860 603 processus
1880 563 1982 594 nostri

326 615 497 646 novissime
521 614 632 654 habiti,
657 614 745 645 cuius
768 615 915 644 tenorem
939 612 1053 644 cedula
1078 612 1220 644 continet
1242 611 1426 644 interclusa.

433 665 508 696 Dat.
525 665 722 707 Avin(i0ne),
745 665 804 696 VI.
820 664 868 695 Id.
887 664 1047 705 Octobris,
1071 674 1154 695 anno
1179 667 1303 695 octavo.

433 734 556 765 Tenor
578 734 716 765 cedule
739 733 963 765 intercluse:
987 733 1160 764 ‘Iohannes
1176 736 1236 764 etc.
1267 732 1485 765 Attendentes
1501 733 1588 775 quod
1604 733 1681 766 dum
1697 735 1797 766 errori
1813 734 1917 777 etc.’²‚
1939 738 1981 768 ut

326 795 438 826 supra
461 785 497 816 in
520 786 642 826 prima
664 787 754 817 nota
776 795 992 827 processus.
1998 796 2026 816 ιο

665 916 751 952 797.
791 916 947 952 Litterae
974 917 1021 951 ad
1047 917 1164 951 dacem
1191 915 1385 951 Calabriae.
1492 915 1564 953 Oct.
1583 918 1642 953 15.

436 990 534 1032 Copia
558 989 614 1032 (c.)
639 989 753 1021 ibidem
775 993 846 1034 tom.
871 992 935 1023 112
951 991 988 1016 ΙῙ
1006 990 1061 1029 fol.
1084 992 1126 1021 77
1148 1000 1194 1030 ep.
1213 990 1285 1021 915.
1332 989 1570 1031 Descripsimus
1590 1001 1656 1024 noe.
1681 1012 1723 1018 —
1745 991 1842 1027 Extr.
1858 991 1984 1027 Riezler

327 1041 347 1073 l.
365 1051 437 1082 ep.
455 1042 517 1072 168
538 1052 588 1074 nr.
601 1043 665 1072 336
687 1052 726 1073 ex
748 1052 776 1075 c.

432 1127 542 1158 Nobili
575 1128 643 1158 viro
671 1127 788 1159 Carolo
817 1127 972 1159 carissimi
1003 1128 1035 1158 in
1060 1125 1187 1159 Christo
1217 1127 1275 1158 filii
1304 1129 1404 1160 nostri
1432 1127 1568 1161 Roberti
1597 1130 1683 1172 regis
1706 1129 1816 1162 Sicilie
1850 1130 1983 1164 illustris

325 1177 551 1219 primogenito,
576 1178 649 1209 duci
673 1178 834 1210 Calabrie.
1880 1191 1882 1193 ’
1969 1182 1976 1190 ’
1999 1189 2026 1210 1⁵

430 1230 475 1261 Ut
498 1229 539 1260 de
562 1229 766 1271 processibus
796 1230 837 1261 ad
861 1230 1083 1272 reprimendos
1113 1230 1279 1262 cuiusdam
1302 1241 1399 1263 ausus
1421 1233 1611 1265 temerarios
1634 1235 1669 1265 et
1690 1234 1821 1266 nocivos
1842 1245 1902 1276 per
1922 1245 1982 1267 nos

322 1291 426 1322 nuper
447 1281 598 1312 videlicet
620 1281 713 1313 VIII.
729 1281 777 1313 Id.
796 1281 927 1314 Octobr.
952 1282 1070 1313 habitis
1092 1282 1245 1314 noticiam
1268 1282 1392 1315 habeas
1414 1284 1604 1326 pleniorem,
1628 1294 1705 1317 ecce
1729 1285 1816 1328 quod
1838 1286 1982 1328 ipsorum

322 1333 552 1373 processuum¹
575 1333 691 1364 seriem
714 1333 872 1365 indicabit
893 1333 951 1365 tibi
975 1333 1090 1365 cedula
1113 1334 1318 1375 presentibus
1340 1335 1514 1368 interclusa
1525 1335 1548 1368 ².

431 1383 552 1415 Datum
575 1384 774 1426 Avinion(e),
797 1385 846 1417 Id.
865 1385 1024 1426 Octobris,
1048 1395 1132 1417 anno
1156 1389 1280 1418 octavo.

427 1602 675 1648 798—804.
716 1603 1056 1650 LITTERAE
1089 1604 1182 1650 AD
1213 1604 1448 1652 REGEM
1474 1605 1876 1654 ARAGONIAE
1933 1635 1953 1661 ·†
1999 1625 2028 1646 m

530 1671 921 1719 PROCESSUM
948 1672 1318 1721 PONTIFICIS
1347 1673 1764 1723 TANGENTES.

603 1749 711 1785 1323.
740 1750 842 1795 (post
868 1750 947 1786 Oct.
967 1751 1006 1795 8)
1038 1750 1117 1788 Oct.
1143 1752 1198 1789 11.
1221 1772 1268 1777 —
1288 1753 1375 1789 Dec.
1397 1753 1432 1790 9.
1486 1752 1574 1790 Sine
1601 1753 1702 1790 dato.

435 1840 485 1882 Cs’.
508 1851 608 1880 supra
629 1829 678 1872 nr.
697 1842 877 1874 788-790,

507 1947 591 1983 798.
632 1947 787 1983 Litterae
809 1950 947 1993 primae
975 1948 1163 1992 (Ferrarii
1191 1951 1232 1986 de
1260 1950 1420 1996 Apilia).
1525 1953 1627 1998 (post
1655 1952 1726 1989 Oct.
1745 1954 1802 1997 8).

434 2020 594 2061 Oriyinale
623 2021 697 2063 (or.)
729 2022 764 2053 in
793 2021 953 2054 tabulario
990 2023 1074 2063 reyio
1102 2024 1341 2056 Barcinonensi
1372 2024 1464 2058 ORD
1497 2036 1547 2058 nr.
1566 2026 1663 2058 4155.
1713 2027 1818 2068 Siyilli
1851 2028 1982 2069 vestigia
1999 2041 2026 2062 ss

324 2075 487 2112 apparent.
512 2091 551 2095 -
575 2073 636 2104 Ed.
654 2073 758 2105 Finke
781 2074 875 2106 ‘Acta
895 2074 1126 2115 Arayorcensia'
1148 2076 1178 2115 I,
1201 2077 1266 2107 396
1288 2087 1339 2109 nr.
1356 2077 1420 2108 264
1443 2088 1482 2109 ea:
1505 2088 1551 2110 or.
1596 2077 1779 2111 Editionem
1801 2080 1980 2120 repetimus.

436 2132 484 2172 Cf.
507 2135 615 2164 notam
638 2133 656 2164 l.
674 2144 698 2165 c.
723 2134 876 2166 additam.

433 2217 529 2250 Sacre
553 2220 641 2260 regie
664 2221 847 2262 magestati.

435 2272 462 2300 1.
496 2269 568 2301 Hiis
596 2271 709 2303 diebus
738 2272 827 2313 regie
855 2274 1030 2314 magestati
1055 2283 1116 2315 per
1142 2284 1233 2306 meas
1262 2275 1422 2316 speciales
1453 2276 1601 2309 litteras³
1629 2278 1782 2319 exposui,
1817 2279 1981 2320 quomodo

326 2330 468 2351 summus
490 2322 635 2362 pontifex
658 2326 851 2364 conceperat
873 2323 990 2365 aliqua,
1015 2334 1077 2366 que
1100 2325 1133 2356 in
1156 2326 1345 2357 consistorio
1369 2331 1584 2368 proposuerat
1606 2331 1718 2360 contra
1741 2329 1881 2361 electum
1899 2330 1980 2362 Ala·
1998 2342 2028 2364 ιο

327 2372 454 2403 mannie
477 2372 599 2413 facere,
630 2385 691 2415 que
715 2374 767 2406 die
791 2374 927 2406 Sabbati
950 2376 1099 2417 proximo
1122 2378 1286 2418 preteriti,
1316 2388 1380 2420 que
1402 2378 1463 2410 fuit
1484 2379 1565 2411 DL·
1587 2379 1658 2412 dies
1680 2381 1839 2422 presentis
1861 2382 1981 2414 mensis

328 2421 492 2463 Octobris,
522 2424 648 2465 publice
680 2426 929 2470 inlconsistorio
958 2428 1089 2470 publico
1121 2430 1249 2471 peperit
1280 2432 1314 2461 et
1344 2432 1487 2463 evomuit
1517 2435 1550 2464 et
1579 2442 1644 2464 non
1671 2433 1739 2465 sine
1761 2443 1882 2476 magna
1903 2436 1982 2467 nota

328 2474 463 2505 ecclesie
487 2485 545 2515 per
575 2487 648 2507 suos
670 2488 837 2518 processus
860 2479 1093 2522 manifestavit,
1125 2481 1202 2512 solis
1233 2481 1334 2513 tribus
1364 2482 1580 2515 cardinalibus
1603 2494 1668 2516 non
1691 2484 1980 2528 consencientibus,
2015 2517 2018 2522 ,

326 2524 478 2556 videlicet
509 2525 643 2558 dominis
666 2528 874 2570 Neapoleone
903 2534 936 2562 et
957 2531 1057 2563 Petro
1088 2531 1129 2564 de
1153 2531 1334 2574 columpna
1363 2536 1396 2566 et
1417 2534 1538 2567 Iacobo
1563 2534 1724 2577 Gayetani
1753 2535 1979 2568 cardinalibus.

434 2577 463 2607 2.
487 2576 660 2610 Ianuenses
682 2590 746 2611 non
769 2582 1051 2625 concordaverunt,
1085 2594 1193 2626 ymmo
1217 2584 1380 2616 Gebellini
1402 2585 1556 2618 volebant
1577 2586 1734 2619 recedere
1756 2587 1904 2629 predicta
1926 2587 1979 2620 die
1997 2599 2026 2620 ιι

327 2625 461 2659 Sabbati
484 2631 517 2659 et
532 2628 659 2661 fuerunt
681 2632 785 2673 rogati
807 2643 865 2673 per
886 2644 998 2676 regem
1013 2635 1204 2678 Robertum,
1228 2636 1316 2679 quod
1332 2641 1543 2680 expectarent
1564 2649 1624 2680 per
1646 2641 1749 2671 totam
1765 2640 1980 2682 septimanam

328 2681 526 2720 sequentem,
550 2681 625 2721 quia
639 2682 707 2722 ipse
723 2683 911 2716 intendebat
926 2686 1014 2728 loqui
1038 2697 1110 2719 cum
1133 2698 1220 2730 papa
1243 2691 1276 2720 et
1299 2698 1373 2720 cum
1395 2689 1466 2731 ipso
1481 2690 1626 2722 invenire
1649 2690 1750 2723 talem
1770 2691 1869 2733 viam,
1892 2689 1981 2733 quod

433 2763 497 2790 798.
525 2763 548 2798 ³)
567 2766 603 2791 sic
617 2775 668 2799 pro
688 2769 749 2793 VIII
767 2778 805 2795 or.

431 2832 458 2864 1)
476 2831 566 2865 Sapra
583 2841 625 2860 nr.
640 2837 695 2861 792.
781 2836 808 2869 2)
829 2837 902 2871 Quae
920 2839 936 2865 l.
949 2847 968 2866 c.
988 2843 1100 2867 exarata
1118 2849 1173 2868 rum
1190 2844 1233 2869 est.
1324 2842 1351 2876 3)
1369 2842 1459 2877 Supra
1476 2851 1519 2870 nr.
1534 2846 1593 2871 ⁷69.
