2184 3126
328 225 390 254 574
498 219 595 247 ACTA
613 217 727 246 REGNI
744 215 927 244 LUDEWICI
947 214 993 242 IV.
1011 214 1058 241 ΕΤ
1077 211 1263 241 FRIDERICI
1281 211 1330 238 111.
1367 210 1442 238 1323.
1478 209 1527 237 Nr.
1540 209 1599 236 736.
1618 208 1677 236 737.
1697 208 1755 236 738.

327 307 534 349 Regensteffl,
559 330 566 338 .
584 330 590 337 .
616 305 656 336 de
672 303 882 344 Bichelingen
900 304 933 333 et
955 325 962 333 .
981 325 987 332 .
1011 300 1051 331 de
1069 298 1296 340 Schrapelowe
1314 296 1483 329 comitibus
1498 306 1624 328 necnon
1639 294 1681 327 de
1696 294 1979 339 Hademersleibe‚

330 383 360 391 ..
385 358 426 390 de
449 357 614 398 Stalberg‚
646 355 780 387 Alberto
810 354 850 385 de
879 352 1027 393 Barley·‚
1059 375 1090 383 ..
1116 350 1209 382 dictis
1237 349 1277 380 de
1301 348 1472 390 Lindowe,
1501 372 1508 379 .
1533 371 1540 379 .
1569 347 1610 379 de
1637 345 1860 379 Hachenbflrn
1890 350 1924 380 et
1946 372 1954 380 .
1971 371 1980 382 .

329 410 414 442 dicto
438 410 478 441 de
501 408 701 448 Helderung,
724 405 872 437 fidelibus
895 405 959 435 suis
984 402 1108 434 dilectis
1195 401 1334 443 gratiam
1358 410 1450 431 suam
1474 402 1507 430 et
1529 409 1624 430 omne
1647 398 1777 430 bonum.

437 461 517 493 Cum
545 458 712 501 spectabili
734 458 801 489 viro
823 454 1012 488 Bernhardo
1041 453 1150 485 comiti
1177 452 1218 484 de
1243 451 1364 483 Anhalt
1391 450 1528 492 principi
1556 453 1590 483 et
1612 450 1701 482 affini
1727 452 1837 482 nostro
1861 449 1980 484 dilecto

329 513 405 544 iuris
429 515 461 544 et
483 511 557 543 fidei
581 520 637 541 sue
661 519 751 541 sacro
774 507 908 549 imperio
933 505 1076 537 exhibite
1107 507 1140 536 et
1163 503 1348 536 exhibendo
1370 503 1583 544 imposterum
1614 501 1656 534 ob
1685 504 1871 544 respectum
1892 502 1980 544 prin·
2008 510 2024 531 s

330 564 470 605 cipatum
492 562 648 594 Ascharie
672 558 882 602 dux[er]imus
906 556 1135 589 conferendum
1159 565 1298 597 eumque
1322 553 1499 586 secundum
1522 564 1646 586 morem
1670 557 1703 586 et
1725 553 1983 596 sollempnitates

330 614 501 646 servandas
527 614 559 644 in
587 611 769 644 huiusmodi
795 609 1066 641 infeodaverimus
1096 607 1135 639 de
1168 607 1284 639 eodem
1294 607 1316 647 ¹,
1343 605 1535 638 fidelitatem
1562 608 1703 637 vestram
1726 605 1919 647 requirimus
1949 608 1983 638 et

329 676 509 704 monemuS‚
538 664 686 705 quatinus
710 662 818 693 debite
841 661 1004 693 fidelitatis
1034 659 1094 691 sibi
1117 659 1303 700 homagium
1327 656 1476 689 faciendo
1500 656 1612 698 feoda,
1643 667 1707 699 que
1735 657 1777 689 ab
1804 657 1875 699 ipso
1905 656 1983 689 dicti

328 717 524 758 principatus
546 715 661 746 intuitu
686 714 845 753 obtinetis,
869 713 1014 754 recipere
1038 722 1110 743 cum
1134 710 1243 742 debite
1267 709 1451 741 devocionis
1474 708 1728 751 promptitudine
1750 719 1815 740 non
1837 708 1982 741 tardetis.

328 767 393 799 Per
419 767 479 798 hoc
513 770 654 798 nostram
681 764 937 797 benivolenciam
971 766 1004 795 et
1033 763 1133 804 ipsius
1161 762 1306 794 favorem
1338 761 1476 803 amplius
1503 759 1596 792 vobis
1623 760 1772 802 poteritis
1800 759 1982 792 vendicare.
2001 770 2029 791 ιο

327 818 480 860 Alioquin
512 828 570 859 per
604 820 743 849 vestram
776 815 1012 858 negligenciam
1045 825 1102 845 seu
1137 816 1357 854 contemptum
1388 822 1508 854 penam
1539 813 1721 844 amissionis
1749 811 1984 845 contrahet-etis

328 869 510 901 huiusmodi
534 869 712 901 feodorum.

435 925 511 956 Dat.
535 924 621 966 apud
643 923 846 965 Nfirenberg,
869 923 911 954 X,
928 922 1000 954 Kal.
1025 921 1113 963 Maii,
1136 921 1228 963 regni
1250 921 1350 952 nostri
1373 931 1456 952 anno
1478 931 1573 953 nono.

454 1061 538 1098 737.
583 1062 805 1106 Confirmatio
831 1060 1074 1096 sententiarum
1101 1061 1219 1094 contra
1245 1057 1398 1093 Iudaeos
1424 1056 1587 1093 latarum.
1691 1057 1779 1103 Apr.
1797 1059 1860 1093 29.

440 1139 600 1180 Oriyinale
623 1140 697 1180 (or.)
720 1139 841 1171 ibidem.
881 1138 1116 1178 Descripsimus
1138 1147 1205 1169 nos.
1244 1136 1365 1169 Pendet
1385 1136 1526 1177 siyillum
1546 1137 1614 1176 fere
1636 1136 1781 1169 illaesum
1803 1136 1868 1170 loro
1889 1147 1983 1170 mem-
2000 1148 2026 1169 is

331 1190 492 1222 branaceo.
526 1191 569 1222 In
584 1201 670 1223 verso
683 1191 830 1231 Zequntur
844 1200 945 1222 manu
959 1200 1039 1221 saec,
1053 1189 1128 1221 XV.
1145 1189 1282 1229 scripta:
1303 1188 1515 1230 Privilegium
1532 1191 1644 1221 contra
1660 1188 1822 1231 quendam
1833 1188 1982 1229 Iudeum,

329 1242 461 1282 itemque
483 1252 582 1273 manu
603 1242 708 1274 adhuc
729 1252 809 1274 saec.
828 1242 945 1274 XIV..-
971 1242 1012 1274 de
1036 1241 1188 1273 Salmano
1213 1241 1253 1273 de
1277 1240 1379 1272 Storz.

436 1302 582 1341 Bdlimer,
605 1303 681 1343 Rey.
698 1303 810 1335 Ludw.
830 1313 864 1344 p.
882 1302 945 1334 355
967 1313 1018 1335 nr.
1035 1303 1120 1334 3204
1144 1301 1271 1343 (Addit.
1288 1301 1376 1344 III).

436 1388 503 1420 Nos
518 1389 711 1421 Ludowicus
727 1389 789 1421 Dei
805 1390 910 1431 gratia
923 1388 1146 1420 Romanorum
1169 1398 1229 1420 rex
1248 1398 1379 1430 semper
1394 1390 1550 1430 augustus
1565 1386 1770 1429 presentibus
1784 1387 1983 1429 profitemur,

331 1440 416 1482 quod
440 1440 481 1472 ob
505 1440 649 1472 favorem
672 1441 872 1482 speeificum,
902 1451 999 1482 quem
1022 1439 1202 1471 venerabili
1223 1439 1368 1471 Henrico
1396 1438 1507 1471 abbati
1529 1438 1686 1470 Fuldensi
1712 1438 1850 1480 principi
1871 1441 2028 1474 nostrone

330 1491 447 1523 dilecto
478 1502 516 1524 ae
543 1493 640 1534 ipsius
669 1493 804 1524 ecclesie
828 1493 983 1534 gerimus,
1015 1492 1197 1524 sentencias
1221 1491 1458 1523 ecclesiasticas
1480 1491 1564 1522 latas
1594 1500 1654 1532 pro
1682 1491 1752 1533 ipso
1783 1493 1818 1522 et
1845 1490 1984 1522 ecelesia

329 1553 387 1574 sua
410 1546 521 1575 contra
544 1544 751 1576 Salmannum
779 1545 899 1576 dictum
933 1555 970 1576 ze
1000 1544 1074 1576 dem
1098 1543 1270 1585 Storchen,
1305 1542 1449 1575 Furman
1480 1542 1601 1574 dictum
1634 1542 1675 1574 de
1705 1541 1923 1574 Babenhusen
1950 1544 1985 1575 et
2026 1552 2027 1555 ’
2087 1544 2093 1550 ’

329 1596 432 1627 socios
454 1607 528 1628 suos
550 1607 674 1628 necnon
690 1597 782 1629 Vinis
805 1597 926 1628 dictum
949 1597 1015 1628 Rot
1037 1607 1075 1628 ac
1098 1596 1237 1628 heredes
1259 1596 1403 1638 ipsorum
1425 1594 1560 1636 Iudeos,
1589 1604 1717 1627 camere
1739 1596 1850 1626 nostre
1873 1603 1985 1626 servos

329 1647 578 1680 irretractabiles
594 1649 663 1680 fore
679 1649 826 1680 volumus
842 1651 875 1680 et
890 1648 1118 1680 inviolabiliter
1133 1647 1362 1688 observandas,
1385 1647 1430 1678 sio
1451 1646 1538 1688 quod
1561 1646 1602 1678 de
1618 1646 1680 1677 hiis
1695 1649 1862 1687 tamquam
1883 1645 1925 1677 de
1946 1652 1984 1677 re

330 1698 468 1731 iudicata
490 1710 549 1741 per
571 1711 790 1742 quoscumque
814 1701 975 1732 seculares
998 1700 1121 1732 iudices
1144 1699 1243 1731 nichil
1258 1700 1388 1731 inantea
1403 1701 1606 1731 retractetur.
1644 1697 1868 1730 Fideiussor-es
1884 1697 1984 1730 etiam
2001 1706 2028 1727 ss

332 1760 373 1782 ex
402 1754 493 1792 parte
520 1752 637 1793 prefati
663 1752 790 1784 abbatis
820 1756 853 1784 et
886 1753 1022 1784 ecclesie
1052 1751 1206 1794 predictis
1229 1751 1340 1783 Iudeis
1369 1750 1531 1792 obligatos
1553 1749 1605 1782 vel
1633 1750 1825 1782 constitutos
1848 1749 1984 1781 dicimus

333 1801 373 1833 ob
396 1803 478 1834 hanc
501 1803 736 1845 obligacionem
759 1805 940 1836 nullatenus
963 1804 1005 1836 ad
1029 1804 1178 1847 obstagia
1202 1803 1393 1836 evocandos.
1437 1802 1470 1834 Si
1493 1812 1570 1834 vero
1594 1812 1674 1834 ausu
1697 1801 1858 1834 contrario
1878 1801 1985 1833 vocati
2024 1811 2029 1825 1

332 1853 459 1894 fuerint,
484 1854 629 1896 obstagia
652 1855 831 1888 subintrare
854 1856 1037 1888 nullatenus
1060 1859 1240 1888 teneantur.
1287 1855 1446 1886 Preterea
1467 1854 1631 1894 volumus,
1659 1856 1696 1885 ut
1717 1852 1858 1885 heredes
1881 1863 1984 1895 quon-

333 1905 407 1936 dam
430 1905 572 1948 Philippi
595 1908 728 1939 senioris
751 1908 790 1939 de
807 1908 1035 1948 Valkenstein,
1068 1908 1123 1950 qui
1151 1917 1185 1939 se
1208 1906 1421 1949 principalem
1449 1917 1507 1948 pro
1532 1905 1675 1948 quadam
1697 1915 1824 1937 summa
1847 1904 1986 1946 pecunie

333 1957 373 1988 ad
396 1958 574 1998 predictum
598 1958 804 1991 Salmannum
835 1963 868 1991 et
895 1960 1033 1992 heredes
1062 1970 1136 1991 suos
1164 1959 1375 1991 constituerat
1409 1960 1442 1989 et
1468 1957 1675 1990 fideiussores
1703 1957 1834 1989 nomine
1863 1966 1921 1988 suo
1952 1958 1986 1988 et
2003 1964 2032 1986 ιο

334 2008 417 2041 dicte
441 2009 574 2041 ecclesie
598 2010 769 2052 obligarat,
798 2014 894 2053 prout
916 2012 1130 2053 prescriptum
1154 2013 1216 2052 est,
1249 2010 1290 2042 ab
1315 2010 1403 2041 omni
1429 2009 1638 2051 impeticione
1666 2019 1724 2041 seu
1746 2008 1987 2051 inquietacione

334 2071 439 2092 coram
463 2072 664 2104 quocumque
688 2063 793 2095 iudice
817 2063 955 2095 seculari
978 2074 997 2095 a
1020 2063 1186 2105 sepedicto
1203 2061 1376 2094 Salmanno
1401 2065 1434 2094 et
1456 2062 1521 2094 suis
1536 2061 1710 2094 heredibus
1724 2060 1819 2093 liberi
1834 2063 1988 2094 maneant

335 2115 367 2143 ct
389 2112 484 2143 soluti
507 2123 564 2145 nec
588 2114 772 2155 strepitibus
796 2115 972 2147 iudiciariis
995 2117 1238 2157 pregraventur.

442 2167 515 2200 Dat.
540 2169 626 2210 apud
647 2169 866 2212 Nuremberg,
896 2170 956 2202 III.
973 2170 1139 2203 Kalendas
1162 2170 1256 2211 Maii,
1285 2180 1370 2202 anno
1393 2169 1525 2202 Domini
1552 2168 1671 2202 Mcoc
1694 2169 1848 2202 vicesimo
1875 2167 1987 2206 tercio,
2027 2215 2031 2218 ὓ

336 2219 426 2260 regni
448 2229 523 2251 vero
546 2221 644 2252 nostri
667 2232 749 2254 anno
772 2233 866 2254 nono.
2004 2223 2030 2244 ⁸⁵

411 2354 494 2390 738.
534 2355 743 2392 Mandatum
770 2361 888 2393 contra
918 2358 1094 2394 citationes
1120 2358 1328 2394 iudiciorum
1357 2357 1667 2394 ecclesiasticorum.
1771 2355 1863 2392 Mai.
1883 2357 1920 2391 2.

449 2431 605 2472 Oriyinale
632 2437 641 2464 1
670 2434 705 2465 in
727 2435 883 2467 tabulario
903 2436 1113 2468 Mullmsensi.
1152 2437 1299 2477 Siyillum
1324 2437 1444 2469 laesum
1460 2437 1578 2477 pendet
1601 2436 1666 2469 loro
1687 2435 1930 2468 membranaceo.
1946 2451 1989 2458 -—

339 2482 402 2513 Ed.
418 2482 555 2522 Herquct
577 2484 852 2518 ‘Urkundmzbuch’
870 2497 903 2528 p.
921 2489 985 2518 368
1007 2498 1057 2519 nr.
1075 2488 1137 2520 781
1161 2499 1200 2520 ex
1225 2492 1253 2520 1.
1298 2488 1480 2520 Editiemem
1502 2489 1679 2528 repetimus.

450 2542 607 2582 Oriqinale
622 2546 640 2575 2
657 2545 692 2576 in
706 2545 863 2578 tabulario
879 2547 1095 2580 Northusano.
1130 2547 1251 2580 Pendet
1265 2549 1412 2590 siyillum.
1430 2567 1471 2572 —
1487 2549 1550 2581 Ed.
1563 2549 1776 2581 Fcrstemann
1793 2545 1989 2579 ‘Geso-hichie

341 2594 396 2625 der
418 2593 512 2625 Stadt
534 2594 750 2628 Nordhausen’
774 2597 803 2636 I,
825 2600 847 2630 2
863 2609 897 2637 p.
915 2600 956 2630 14
978 2610 1028 2632 nr.
1047 2600 1090 2631 13
1112 2611 1150 2632 ex
1173 2603 1202 2632 2.
1247 2601 1430 2632 Editionem
1452 2600 1653 2633 contulimus.
2003 2609 2032 2629 ⁴⁰

448 2654 593 2692 Bahmer,
616 2655 689 2695 Rey.
706 2655 817 2688 Ludw.
828 2668 862 2697 p.
879 2661 921 2690 33
943 2670 991 2692 ην.
1010 2662 1072 2692 568
1095 2663 1124 2692 et
1146 2660 1218 2692 567.

447 2764 510 2791 736.
539 2766 562 2798 ⁸)
579 2767 614 2792 sic
630 2776 679 2799 pro
697 2768 796 2801 Bsrbey
814 2778 850 2795 or.

447 2834 473 2867 1)
493 2833 629 2867 Scriptum
647 2834 841 2868 infeudationis
859 2840 989 2864 servatum
1007 2847 1062 2865 mm
1080 2842 1122 2866 est.

2176 2501 2184 2561 -ιῂ
2180 2470 2184 2487 .-
