2184 3126
361 243 362 246 =
385 227 479 256 ACTA
498 228 612 268 anem
631 228 817 257 LUDEWICI
836 228 882 256 lv.
901 228 946 256 ΕΤ
966 228 1153 256 FRIDEBICI
1174 228 1222 256 111.
1260 229 1334 257 1824.
1372 229 1421 257 Νι.
1433 230 1493 258 981.
1511 229 1571 258 982.
1589 230 1649 258 983.
1782 233 1843 264 821

187 314 306 356 vimus,
329 314 417 357 quod
439 315 577 348 vidimus
600 316 770 359 expedire,
794 320 889 359 prout
912 316 942 348 in
966 316 1081 350 litteris
1103 316 1289 360 apostolicis
1312 317 1467 350 confectis
1490 327 1588 360 snper
1611 317 1671 350 hoc
1694 318 1846 350 seriosius

187 368 244 397 tua
266 365 450 417 fraterintas
474 367 591 409 poterit
613 367 730 400 intueri
740 368 760 401 ².

295 417 415 450 Datum
438 418 639 461 Avinio(ne)‚
662 419 753 452 XVI.
770 419 843 452 Kal.
868 419 1028 461 Octobris,
1051 430 1135 452 anno
1159 429 1253 452 nono.

381 581 469 619 982.
511 582 668 619 Litterae
696 584 743 620 ad
768 584 1062 630 archiepiscopum
1087 584 1378 631 Salzburyensem.
1484 585 1575 631 Sept.
1595 587 1652 623 10.

154 667 167 688 ι
297 655 395 696 Copia
419 656 476 699 (c.)
499 657 614 690 ibidem
640 657 660 690 l.
677 668 701 690 c.
728 657 782 698 fol.
799 659 842 689 40
863 668 913 690 nr.
930 658 1004 690 325.
1052 657 1252 691 Contulimus
1272 669 1338 691 nos.
1362 676 1406 683 —
1427 658 1623 692 Decurtatas
1650 660 1697 692 ed.
1721 660 1847 693 Riealer

185 705 206 738 l.
222 716 248 739 c.
264 716 301 747 p.
318 707 384 739 187
404 718 455 740 nr.
469 709 534 741 389
556 719 596 741 ea:
618 719 644 742 c.

297 765 374 808 Rey.
391 767 495 799 Lc'iher
517 767 536 800 l.
554 779 579 800 c.
598 769 714 809 1225?
735 779 785 800 nr.
801 768 881 808 223;
903 767 1197 810 Preyer-Reinkens
1214 780 1248 810 p.
1264 771 1328 802 275
1350 781 1400 803 nr.
1418 771 1497 809 178,·
1519 771 1612 813 Lany
1635 772 1737 804 ‘Acta’
1761 772 1790 810 Ι,
1802 773 1846 804 82

182 827 233 850 nr.
251 819 302 850 68.

293 895 485 928 Venerabili
508 896 598 928 fratri
622 897 797 930 Frederico
820 897 1064 940 archiepiscopo
1087 897 1344 941 Salzeburgensi.

141 958 168 979 ιο
298 946 479 990 operosam
503 948 702 991 diligentiam
726 960 763 982 ac
787 949 976 982 fidelitatem
1008 953 1041 982 et
1063 951 1292 992 constantiam,
1322 961 1402 993 quas
1429 951 1514 983 circa
1536 952 1788 994 publicationem
1813 956 1845 985 et

187 997 446 1032 observationem
474 1010 682 1042 processuum
715 1005 826 1034 contra
856 1001 998 1034 nobilem
1027 1002 1129 1034 virum
1158 1002 1358 1035 Ludovicum
1387 1002 1503 1035 ducem
1530 1004 1669 1036 Bavarie
1699 1014 1758 1046 per
1787 1015 1845 1035 nos

184 1050 307 1083 dudum
330 1050 515 1083 habitorum
539 1052 693 1084 adhibere
710 1053 834 1085 curavit
857 1056 890 1085 et
906 1055 997 1085 curat
1019 1053 1216 1086 incessanter
1237 1057 1294 1086 tua
1316 1055 1511 1095 fraternitas,
1534 1056 1616 1087 sicut
1638 1059 1731 1097 grata
1754 1055 1846 1087 nobis

184 1102 323 1135 innotuit
339 1105 466 1135 tuarum
483 1104 579 1135 lectio
595 1103 785 1147 litterarum,
809 1115 881 1137 cum
897 1105 1074 1147 gratiarum
1089 1105 1268 1138 actionibus
1283 1106 1457 1148 plurimum
1473 1107 1504 1138 in
1520 1105 1660 1139 Domino
1677 1117 1843 1139 commen-

187 1153 317 1195 dantes,
347 1155 486 1187 eandem
518 1155 754 1188 fraternitatem
783 1157 936 1189 attentius
962 1157 1201 1198 exhortantes·,
1230 1158 1380 1200 quatinus
1407 1159 1542 1200 inceptis
1572 1163 1606 1191 et
1631 1169 1734 1201 usque
1761 1169 1843 1191 nune

141 1212 167 1233 1⁸
187 1206 379 1238 continuatis
402 1206 608 1239 laudabiliter
636 1208 669 1239 in
696 1207 757 1240 hac
784 1211 877 1250 parte
900 1211 1085 1240 constanter
1110 1211 1144 1240 et
1170 1209 1329 1251 intrepide
1352 1210 1526 1251 persistere
1549 1210 1669 1252 illaque
1692 1211 1845 1253 prosequi

186 1258 427 1290 continuatione
451 1258 555 1290 solida
578 1269 641 1291 non
664 1263 856 1302 postponas,
879 1259 1064 1292 adhibendo
1088 1259 1312 1292 nichilominus
1334 1261 1571 1293 solicitudinem
1593 1261 1786 1302 studiosam,
1809 1267 1844 1294 ut

147 1307 149 1309 ’
183 1309 322 1352 predicti
346 1320 515 1352 processus
538 1321 597 1352 per
619 1314 691 1342 tuos
714 1310 859 1343 subditos
882 1311 1045 1344 seculares
1067 1315 1101 1344 et
1122 1312 1291 1354 religiosos
1313 1312 1516 1354 publicentur
1538 1313 1654 1345 diebus
1677 1313 1850 1354 dominicis,

183 1363 217 1392 et
247 1360 371 1393 festivis
408 1361 609 1404 solemniter,
648 1362 694 1394 ita
732 1363 818 1405 quod
854 1362 896 1395 ad
934 1373 1137 1396 communem
1173 1364 1325 1396 noticiam
1359 1365 1500 1397 omnium
1538 1365 1666 1397 illarum
1703 1366 1842 1407 partium

186 1412 361 1445 deveniant
384 1416 418 1445 et
445 1414 487 1446 ab
517 1414 564 1446 eis
590 1414 819 1447 inviolabiliter
847 1414 1067 1457 observentur,
1090 1415 1199 1448 taliter
1221 1416 1308 1458 quod
1331 1416 1466 1458 proinde
1488 1416 1709 1448 retributionis
1731 1420 1843 1449 eterne

139 1469 167 1491 ²⁰
183 1465 345 1507 premium
368 1475 406 1497 ac
435 1468 543 1498 nostre
568 1468 601 1498 et
629 1466 807 1508 apostolice
830 1466 917 1498 sedis
943 1467 1101 1499 uberioris
1129 1468 1233 1510 gratie
1259 1468 1422 1500 cumulum
1445 1469 1610 1500 merearis.
1661 1468 1726 1500 Pro
1749 1468 1842 1500 firmo

184 1516 335 1558 sciturus,
368 1517 455 1559 quod
484 1518 516 1548 in
549 1518 612 1549 tuis
638 1520 672 1550 et
695 1518 831 1550 ecclesie
866 1522 919 1551 tue
953 1519 1224 1561 oportunitatibus
1253 1519 1326 1561 tibi,
1358 1524 1513 1562 quantum
1545 1530 1618 1552 cum
1648 1519 1719 1552 Deo
1749 1523 1842 1562 pote-

183 1567 297 1611 rimus,
332 1568 448 1601 adesse
482 1570 691 1611 proponimus
713 1569 841 1601 auxiliis
870 1572 904 1601 et
930 1568 1093 1601 favoribus
1116 1571 1290 1612 oportunis.
1340 1569 1383 1602 Et
1410 1580 1486 1602 ecce
1510 1569 1597 1612 quod
1620 1569 1746 1602 dilectis
1772 1570 1845 1602 filiis

183 1618 347 1651 nobilibus
376 1621 452 1652 viris
479 1620 610 1653 Austrie
639 1624 671 1653 et
700 1620 806 1663 styrie
835 1631 874 1653 ac
897 1620 1062 1654 Carinthie
1090 1621 1225 1654 ducibus
1254 1622 1379 1654 litteras
1406 1625 1531 1654 nostras
1558 1632 1655 1664 super
1683 1622 1743 1654 hoc
1768 1621 1844 1654 diri-

184 1671 299 1713 gimus,
323 1675 359 1703 ut
382 1675 438 1704 tua
459 1673 554 1714 petiit
576 1673 771 1715 fraternitas,
794 1672 982 1715 speciales2.

141 1727 167 1748 ⁹⁵
292 1722 413 1755 Datum
437 1726 473 1755 ut
495 1734 592 1766 supra
600 1724 622 1755 ³.

419 1838 506 1875 983.
547 1838 704 1875 Litterae
732 1839 778 1874 ad
805 1840 999 1885 episcopum
1025 1839 1327 1876 Constantiensem.
1432 1839 1524 1886 Sept.
1546 1841 1602 1875 10.

297 1912 413 1952 Copiae
435 1911 493 1955 (c.)
516 1912 631 1945 ibidem
653 1912 674 1945 l.
690 1923 715 1946 c.
739 1913 795 1952 sol.
811 1915 854 1945 40
874 1924 924 1946 nr.
940 1915 1015 1947 326.
1064 1914 1264 1947 Contulimus
1284 1923 1350 1946 nos.
1376 1932 1414 1938 —
1439 1913 1633 1946 Deourtatas
1654 1914 1700 1946 ed.
1717 1914 1842 1947 Riezler

186 1962 207 1995 l.
225 1973 251 1995 c.
267 1974 303 2004 p.
322 1965 385 1996 188
406 1974 457 1996 nr.
473 1965 538 1996 390
560 1974 599 1997 eoe
621 1975 665 2004 c.‚·
687 1964 805 1997 Rieder
827 1965 1002 1998 ‘Romische
1027 1965 1168 2007 Quellen'
1186 1977 1221 2006 p.
1239 1966 1301 1997 185
1324 1976 1373 1998 nr.
1391 1967 1454 1998 670
1477 1976 1516 1998 ex
1538 1977 1563 1998 c.

293 2023 369 2065 Rey.
386 2024 488 2057 Loher
511 2024 530 2057 l.
547 2036 572 2058 c.
592 2035 628 2065 p.
643 2026 709 2057 257
729 2035 779 2059 nr.
795 2025 878 2065 224,·
900 2025 1205 2068 Preyer-Reinkens
1223 2037 1256 2066 p.
1272 2027 1336 2058 275
1359 2036 1410 2058 nr.
1428 2027 1499 2058 179.

138 2119 166 2140 no
291 2110 480 2143 Venerabili
518 2111 609 2143 fratri
646 2111 820 2154 Rodulpho
863 2113 1016 2155 episcopo
1055 2111 1297 2144 constanciensi
1340 2115 1374 2144 et
1415 2112 1668 2144 administratori
1705 2112 1840 2145 ecclesie

181 2161 352 2194 Ouriensis.

287 2213 512 2246 Fraternitatis
535 2218 590 2246 tue
614 2215 748 2256 litteras,
772 2215 912 2258 qualiter
934 2215 976 2247 ad
999 2215 1251 2257 publicationem
1274 2226 1482 2258 processuum
1505 2220 1686 2248 nostrorum
1703 2226 1762 2260 per
1783 2227 1841 2248 nos

181 2265 293 2296 contra
315 2265 456 2298 nobilem
481 2266 584 2298 virum
608 2266 809 2299 Ludovicum
837 2266 954 2299 ducem
977 2267 1115 2299 Bavarie
1138 2267 1260 2299 dudum
1284 2267 1468 2300 habitorum
1491 2278 1710 2310 processeras,
1740 2269 1842 2300 conti-

183 2318 296 2348 nentes
319 2326 357 2348 ae
372 2316 480 2356 fidem,
505 2317 711 2350 devotionem
733 2322 766 2351 et
781 2319 1004 2360 constantiam,
1029 2330 1125 2361 quam
1148 2319 1180 2351 in
1203 2320 1367 2362 premissis
1383 2324 1416 2352 et
1430 2321 1502 2352 aliis
1524 2321 1640 2353 nostris
1656 2323 1689 2352 et
1705 2320 1843 2353 ecclesie

99 2394 106 2399 ,
138 2374 165 2394 ³⁶
182 2365 329 2399 Romane
352 2367 563 2411 beneplacitis
587 2370 788 2412 exequendis
810 2370 932 2402 habere
956 2370 1148 2412 dinosceris,
1178 2371 1305 2413 plenius
1329 2371 1549 2404 describentes
1571 2373 1753 2414 recepimus
1776 2371 1841 2404 leta

183 2427 290 2460 manu,
320 2419 451 2452 easdem
475 2420 686 2463 diligentiam,
710 2421 818 2464 fidem,
842 2421 1049 2455 devotionem
1073 2425 1107 2454 et
1130 2423 1342 2455 constantiam
1365 2434 1438 2455 cum
1461 2424 1638 2466 gratiarum
1661 2423 1842 2456 actionibus

183 2468 356 2511 plurimum
389 2470 422 2503 in
448 2470 588 2505 Domino
622 2473 896 2506 commendantes.
953 2473 1112 2510 Quocirca
1141 2474 1280 2506 eandem
1309 2474 1543 2508 fraternitatem
1570 2478 1660 2508 tuam
1688 2486 1841 2518 rogamus

182 2522 336 2554 attentius
359 2525 392 2554 et
419 2522 599 2566 hortamur,
623 2525 773 2566 quatinus
803 2526 835 2556 in
863 2526 986 2557 eisdem
1014 2525 1092 2566 fide,
1119 2526 1290 2559 devotione
1314 2530 1347 2558 et
1375 2528 1554 2559 constantia
1576 2527 1787 2559 immobiliter
1809 2533 1842 2559 et

182 2572 343 2614 intrepide
365 2584 592 2616 perseverans,
614 2579 650 2607 ut
673 2575 749 2607 dicti
772 2586 942 2618 processus
965 2587 1023 2618 per
1046 2580 1078 2609 te
1103 2579 1239 2620 tuosque
1262 2577 1407 2610 subditos
1429 2579 1593 2611 seculares
1616 2582 1649 2611 et
1671 2579 1840 2621 religiosos

137 2631 165 2651 ιο
183 2624 228 2656 sic
257 2624 432 2659 solenniter
459 2625 682 2668 publicentur·
705 2626 819 2660 diebus
847 2627 1015 2660 dominicis
1043 2631 1076 2660 et
1104 2628 1241 2670 festivis,
1270 2629 1357 2672 quod
1385 2629 1427 2662 ad
1455 2640 1659 2662 communem
1686 2632 1840 2663 noticiam

284 2718 352 2747 ⁹82.
379 2719 403 2752 ι)
421 2721 457 2746 ita
476 2729 497 2747 ο.

282 2779 350 2807 988.
378 2780 402 2813 ⁸)
420 2781 513 2807 acida
530 2790 551 2808 c.

286 2848 312 2882 1)
332 2847 374 2881 Cr.
388 2857 452 2884 paq.
466 2852 516 2877 819
533 2852 588 2877 noe.
604 2854 625 2877 1.
713 2850 740 2884 2)
762 2850 803 2883 Cf.
822 2859 864 2878 nr.
878 2854 938 2878 968.
1025 2851 1053 2885 3)
1072 2851 1123 2879 Nr.
1135 2855 1193 2879 979.
