2190 3172
166 765 192 786 1⁰

449 203 546 232 ACTA
564 203 678 231 REGNI
697 202 882 232 LUDEwch
900 203 948 231 IV.
967 203 1014 230 ET
1034 203 1219 231 FRIDERICI
1238 204 1287 231 111.
1325 203 1400 231 1315.
1437 204 1485 231 Nr.
1498 204 1557 230 312.
1576 203 1636 231 313.
1805 206 1868 237 269

317 291 442 323 Littere
466 291 594 323 vestre¹
617 290 743 322 noviter
764 293 896 332 recepte
919 293 1012 322 tenor
1034 293 1128 333 grata
1151 293 1259 322 mente
1283 290 1446 332 perlectus
1469 293 1567 332 atque
1591 290 1687 332 plene
1712 290 1867 322 collectus

209 352 326 375 novam
359 342 501 375 leticiam
535 341 705 374 affectibus
738 341 855 374 nostris
889 340 1062 374 affluenter
1088 341 1224 374 induxit.
1274 341 1340 374 Per
1373 342 1475 384 ipsam
1512 342 1597 373 enim
1629 341 1722 373 nobis
1756 342 1868 384 patule

208 394 383 426 nunciastis
405 403 595 436 corpoream
619 393 808 435 sospitatem
829 393 1025 425 serenissimi
1042 394 1195 435 principis
1218 393 1340 426 domini
1355 392 1521 425 Frederici
1538 392 1757 425 Romanorum
1782 395 1868 436 regis

209 455 339 487 semper
361 445 490 487 augusti
517 443 575 476 filii
602 444 703 476 nostri
725 443 887 476 karissimi
919 447 1018 486 atque
1042 445 1101 476 viri
1127 445 1225 477 vestri
1256 449 1289 477 et
1316 444 1479 487 quomodo
1508 454 1566 476 rex
1594 445 1664 486 ipse
1687 446 1719 477 in
1743 445 1868 477 actibus

209 497 258 528 sui
280 497 445 539 regiminis
467 495 606 528 feliciter
627 496 784 528 continuis
807 495 1008 527 successibus
1040 500 1250 538 prosperatur
1277 495 1506 539 quomodoque
1536 506 1594 528 rex
1617 496 1705 528 idem
1729 497 1868 529 honora-

208 547 318 580 biliter
340 547 544 590 presentibus
567 547 675 579 multis
698 546 897 589 principibus
920 547 1148 580 ecclesiasticis
1176 551 1210 579 et
1236 547 1408 580 mundanis
1434 547 1597 579 nobilibus
1623 551 1657 580 et
1679 548 1869 590 proceribus

209 600 301 642 regni
333 599 382 631 sui
415 598 603 641 nupciarum
637 608 767 630 suarum
801 601 899 641 atque
932 602 1110 631 vestrarum
1139 599 1332 642 sollempnia
1363 610 1403 632 ea
1435 599 1626 632 celebritate
1661 610 1724 642 qua
1759 599 1870 632 decuit

209 651 426 692 consumavit,
450 660 509 693 per
531 660 628 695 quam
652 649 758 681 fuistis
781 650 988 692 postmodum
1015 650 1170 683 adhibitis
1193 651 1486 694 sollempnitatibus
1509 652 1670 683 consuetis
1694 654 1727 683 et
1750 651 1869 683 debitis

209 705 372 735 coronata.
411 701 462 734 Ex
483 700 668 734 huiusmodi
683 704 793 733 autem
817 701 973 734 felicitate
996 712 1201 734 successuum
1216 703 1406 734 intrinsecus
1426 702 1641 745 deprecamur
1655 702 1869 744 Altissimum,

209 753 332 796 absque
357 764 419 796 quo
442 753 540 785 nichil
563 752 690 794 stabile,
714 763 772 795 pro
796 763 854 784 sua
876 753 1000 786 infinita
1023 754 1201 786 clemencia
1224 754 1270 786 sic
1292 755 1463 786 memorati
1487 755 1574 797 regis
1597 758 1630 787 et
1645 758 1771 787 vestros
1794 765 1868 797 pro-

167 839 170 842 ,
209 815 338 848 gressus
360 805 491 847 dirigat,
522 804 608 847 quod
639 803 754 836 ambos
782 804 950 836 celestium
979 808 1012 836 et
1041 804 1268 847 temporalium
1296 806 1478 847 graciarum
1501 806 1660 837 continuis
1683 805 1870 837 accionibus

166 1022 191 1043 18

168 1728 194 1750 'b

167 2241 194 2263 8⁸

165 2775 195 2796 ⁴0

210 856 302 889 donis
325 856 462 899 repleat,
485 856 612 898 prolem
635 855 883 898 multiplicatam
907 855 1053 888 conferat
1076 859 1110 888 et
1132 856 1202 888 dies
1225 857 1294 888 eius
1318 859 1351 888 et
1373 859 1498 888 vestros
1520 857 1551 889 in
1576 867 1671 889 evum
1694 857 1870 889 senectutis

209 907 321 940 obtate
345 907 510 950 producat.
558 907 699 940 Demum
721 907 814 939 vobis
837 907 1013 949 postulanti
1043 907 1084 939 de
1107 910 1193 940 statu
1216 910 1326 940 nostro
1349 907 1444 940 avide
1467 907 1633 940 informari
1658 912 1771 940 tenore
1795 918 1869 950 pre-

209 961 351 992 sencium
374 960 580 1000 nunciamus,
608 958 695 1001 quod
718 959 859 991 faciente
882 959 953 1000 illo,
986 969 1046 1001 per
1072 969 1170 1002 quem
1200 969 1295 1002 reges
1321 962 1460 1001 regnant
1483 962 1516 991 et
1537 959 1676 991 salutem
1699 960 1869 1001 recipiunt,

208 1021 266 1043 nos
288 1021 352 1044 una
375 1021 448 1043 cum
471 1011 588 1043 inclitis
610 1010 786 1044 infantibus
808 1010 986 1042 karissimis
1008 1010 1120 1043 liberis
1142 1011 1258 1043 nostris
1281 1010 1433 1042 fratribus
1449 1011 1564 1043 vestris
1587 1021 1743 1053 corporea
1766 1012 1870 1053 sospi-

208 1065 275 1095 tate
298 1063 455 1105 vigemus.

317 1122 439 1155 Datum
462 1122 676 1162 Barchinone,
699 1122 761 1155 111.
776 1122 879 1155 Nonis
901 1123 1051 1165 Augusti,
1074 1133 1158 1155 anno
1183 1122 1313 1154 Domini
1336 1122 1530 1155 MCOOXV.

536 1282 623 1319 313.
663 1281 821 1318 Litterae
847 1283 896 1318 ad
921 1281 1134 1328 Liupoldmn
1164 1283 1294 1320 ducem.
1402 1283 1492 1329 ΑΨ).
1511 1285 1545 1319 6.

321 1365 420 1406 Copia
443 1365 499 1407 (c.)
522 1365 636 1398 ibidem
658 1364 677 1397 l.
694 1375 720 1397 c.
736 1365 792 1404 fol.
811 1365 874 1397 11¹.
891 1384 933 1389 —
959 1364 1023 1397 Ed.
1040 1364 1202 1407 Zeissbery
1224 1365 1244 1399 l.
1261 1377 1286 1398 c.
1306 1377 1340 1408 p.
1357 1367 1400 1398 39
1419 1377 1470 1399 nr.
1486 1368 1529 1398 31
1551 1377 1591 1399 ecc
1613 1377 1639 1399 c.
1686 1366 1868 1398 Editionem

210 1417 389 1458 repetimus.

319 1511 461 1555 Egregio
489 1511 558 1543 viro
581 1511 709 1553 Lupolo
733 1511 807 1543 duci
829 1511 961 1543 Austrie
985 1513 1018 1543 et
1041 1510 1162 1553 Styrie,
1186 1511 1316 1544 domino
1338 1513 1504 1553 Carniole,
1528 1513 1671 1545 Marchie
1694 1523 1731 1544 ac
1755 1512 1873 1544 Portus

211 1564 351 1606 Naonis,
385 1564 496 1596 comiti
529 1564 562 1595 in
592 1563 770 1606 Habsburg
799 1566 833 1596 et
864 1563 991 1605 Kiburg
1020 1574 1145 1596 necnon
1172 1564 1390 1606 lantergravio
1419 1565 1593 1607 superioris
1615 1564 1745 1596 Alsacie
1772 1574 1870 1606 gene-

211 1616 271 1648 rali
345 1615 484 1649 Iacobus
508 1619 568 1648 etc.
643 1615 781 1648 salutem
805 1619 838 1648 et
866 1626 938 1647 cum
966 1616 1090 1647 sincere
1119 1615 1305 1648 dileccionis
1334 1616 1452 1648 affectu
1475 1617 1582 1648 votive
1605 1615 1768 1648 felicitatis
1790 1625 1871 1658 aug-

211 1670 368 1700 mentum.

319 1719 478 1752 Litteram
502 1719 665 1751 vestram¹
687 1719 814 1751 noviter
837 1719 966 1750 missam
991 1722 1084 1760 grata
1106 1729 1203 1750 manu
1227 1719 1422 1761 recepimus,
1450 1719 1684 1751 continenciam
1713 1719 1782 1750 eius
1805 1718 1870 1750 leto

212 1770 309 1816 corde
332 1770 514 1803 audivimus
537 1781 575 1802 ac
598 1771 817 1803 intelleximus
842 1769 1024 1812 diligenter.
1059 1769 1113 1810 ‚Et
1135 1770 1212 1812 quia
1239 1781 1298 1812 per
1325 1781 1396 1802 eam
1421 1770 1514 1803 nobis
1536 1770 1658 1813 liquide
1683 1769 1873 1802 declarastis

212 1823 319 1855 omnia
341 1824 479 1865 negocia
501 1834 560 1855 seu
583 1826 676 1866 gesta
691 1822 887 1855 serenissimi
905 1822 1056 1864 principis
1076 1822 1196 1854 domini
1212 1821 1378 1854 Frederici
1393 1821 1614 1854 Romanorum
1637 1822 1724 1864 regis
1743 1831 1873 1863 semper

211 1875 339 1918 augusti
372 1874 480 1906 fratris
510 1876 607 1907 vestri
634 1874 812 1914 karissimi,
848 1875 949 1906 nostri
982 1874 1040 1906 filii
1074 1883 1110 1905 se
1142 1873 1184 1906 ad
1216 1876 1324 1906 votum
1353 1873 1524 1915 disponere
1557 1878 1655 1916 atque
1683 1872 1871 1913 succedere,

211 1926 352 1958 animum
375 1929 520 1958 nostrum
543 1930 718 1969 propterea
740 1926 931 1968 implevistis
954 1925 1064 1958 leticia
1087 1936 1126 1957 ac
1149 1926 1328 1957 renovastis
1351 1925 1609 1957 exultacionibus
1625 1925 1817 1967 gaudiorum
1840 1925 1872 1956 in

211 1976 337 2020 hiisque
371 1978 550 2020 gaudemus
580 1978 703 2010 ilariter
730 1978 830 2010 veluti
859 1981 953 2019 pater
984 1978 1016 2009 in
1047 1977 1216 2009 eventibus
1244 1977 1301 2008 filii
1324 1976 1463 2009 feliciter
1484 1976 1740 2009 succedentibus.
1786 1975 1871 2009 Sane

212 2030 288 2072 quia
318 2030 477 2072 petivistis
507 2030 539 2061 in
564 2030 684 2071 littera.
703 2029 905 2071 supradicta,
935 2032 971 2060 ut
994 2029 1217 2061 exortaciones
1245 2038 1284 2060 ac
1313 2029 1492 2071 peticiones
1521 2028 1649 2068 fideles,
1679 2032 1776 2070 prout
1805 2028 1871 2059 iam

211 2081 360 2122 fecimus,
394 2081 477 2113 sicut
498 2081 590 2113 vobis
612 2081 767 2121 innotuit,
802 2091 860 2123 pro
884 2081 1020 2122 negocio
1045 2080 1121 2112 dicti
1150 2081 1235 2122 regis
1258 2079 1344 2122 apud
1373 2079 1569 2111 reverendos
1591 2084 1701 2122 patres
1724 2079 1871 2111 dominos

212 2131 392 2164 cardinales
415 2143 489 2164 cum
513 2133 599 2164 omni
623 2132 797 2175 diligencia
821 2132 1011 2174 dirigamus,
1047 2131 1207 2163 nobilitati
1230 2134 1337 2163 vestre
1360 2131 1580 2172 rescribimus,
1612 2131 1700 2174 quod
1731 2141 1788 2162 nos
1811 2141 1870 2172 pro

211 2183 421 2226 procurandis
443 2187 477 2216 et
492 2184 720 2226 promovendis
735 2184 812 2215 dicti
837 2184 922 2226 regis
939 2183 1092 2224 negociis,
1117 2193 1179 2225 que
1203 2183 1333 2225 proprie
1357 2187 1393 2214 ut
1414 2183 1471 2214 filii
1487 2183 1586 2214 nostri
1610 2182 1782 2225 diligimus.
1806 2183 1871 2213 iam

212 2234 299 2276 apud
321 2234 424 2267 dictos
447 2235 594 2267 dominos
617 2235 808 2274 cardinales,
832 2238 869 2266 ut
891 2234 1036 2276 audistis,
1059 2235 1230 2266 institimus
1253 2238 1286 2266 et
1309 2245 1442 2276 operam
1459 2234 1618 2275 dedimus,
1642 2234 1683 2266 de
1707 2245 1771 2276 qua
1795 2244 1870 2276 cog-

211 2286 357 2318 novimus
380 2286 538 2329 expedire
562 2290 596 2318 et
617 2287 649 2318 in
666 2286 790 2319 eisdem
807 2287 911 2318 eciam
935 2286 1088 2328 deinceps
1111 2296 1253 2329 congruo
1277 2289 1423 2328 tempore
1440 2287 1648 2328 proponimus
1664 2285 1871 2328 diligenciam

211 2335 368 2370 solicitam
392 2342 425 2370 et
447 2338 637 2380 diligentem
661 2337 900 2370 solicitudinem
923 2338 1067 2380 paternis
1089 2337 1260 2370 affectibus
1284 2337 1450 2369 exhibere.

317 2397 440 2430 Datum
462 2397 676 2439 Barchinone,
700 2398 795 2430 VIII.
812 2398 890 2430 Idus
913 2396 1077 2441 [Augusti]
1100 2408 1183 2430 anno
1208 2397 1364 2440 predicto.
1663 2439 1700 2471 Id

1704 2450 1765 2472 em.

317 2764 343 2798 1)
362 2763 473 2791 Sei-rata
493 2771 549 2790 mm
567 2766 612 2790 eat.
