2190 3172
231 2049 292 2070 Mart.
304 2052 336 2071 16.

356 223 416 253 190
587 220 684 248 ACTA
703 220 816 248 REGNI
835 218 1018 246 LUDEWICI
1036 219 1083 246 IV.
1101 218 1148 245 ΕΤ
1166 218 1350 246 FRIDERICI
1368 219 1417 247 111.
1454 219 1528 247 1315.
1564 219 1613 246 Nr.
1625 219 1684 246 213.
1702 218 1762 246 214.

396 355 470 391 213.
506 353 791 391 SCRIPTUM
813 351 1095 389 FRIDERICI
1117 351 1221 389 PRO
1245 351 1500 390 CIVITATE
1522 349 1952 388 ARGENTINENSI.

1010 420 1118 456 1315.
1159 419 1266 456 Febr.
1288 420 1348 456 25.

465 513 624 553 Oriyinale
648 512 723 554 (or.)
746 512 782 543 in
804 511 962 543 tabulario
985 512 1122 543 civitatis
1137 512 1386 552 Arqentinmsis.
1427 510 1575 551 Siyillum
1597 511 1688 543 dorso
1709 511 1896 551 impressum
1917 514 1996 544 erat.

354 566 396 597 In
422 575 507 596 verso
537 564 665 605 leyitur:
697 563 913 596 Prudentibus
934 564 1010 595 viris
1038 588 1069 595 ..
1098 563 1251 606 sculteto,
1282 588 1313 595 ..
1344 563 1500 605 magistro
1527 563 1658 604 civium,
1690 587 1723 594 ..
1752 563 1934 595 consulibus
1963 566 1996 595 et

353 617 474 648 civibus
490 615 788 657 Argentinensibus‚
811 616 926 647 nostris
943 615 1068 647 dilectis
1082 615 1240 647 fidelibus.
1266 633 1305 638 —
1329 615 1392 647 Ed.
1410 614 1678 647 ‘Urkundenbuch
1694 615 1749 646 der
1764 614 1859 647 Stadt
1874 614 1995 647 suass-
2026 628 2041 648 ι

353 669 441 708 bury’
465 668 513 705 ΙΙ,
536 668 601 699 272
622 677 671 698 nr.
689 667 751 698 325
774 677 813 698 ea:
836 677 880 698 or.
925 667 1107 699 Edit-ionem
1128 667 1306 707 repetimus.

459 723 604 761 Bfflzmer,
628 722 703 762 Rey.
719 722 832 754 Ludw.
850 733 886 762 p.
903 722 965 753 165
988 722 1158 754 Friedrich
1180 732 1230 754 nr.
1248 723 1298 754 10.

463 779 513 820 Cf.
537 789 638 818 supra
658 789 708 810 nr.
726 778 800 811 173.

459 856 641 888 Fridericus
670 855 734 887 Dei
763 857 872 898 gracia
900 855 1119 888 Romanorum
1147 867 1206 888 rex
1230 866 1358 898 semper
1380 858 1534 896 augustus
1621 855 1832 897 prudentibus
1856 879 1863 887 .
1881 879 1889 887 .
1913 856 1996 888 scul-

352 911 429 948 teto,
453 907 471 951 [.
490 907 510 950 .]
534 909 687 949 magistro
711 908 844 948 civium,
870 932 876 939 .
895 932 901 939 .
925 908 1106 939 consulibus
1133 911 1166 940 et
1189 907 1309 940 civibus
1331 907 1632 949 Argentinensibus,
1656 908 1720 938 suis
1743 907 1868 939 dilectis
1890 907 1994 940 fideli-
2013 919 2041 939 ιο

351 960 411 992 bus
497 960 637 1001 graciam
662 970 751 990 suam
775 962 808 991 et
831 969 924 991 omne
948 959 1077 992 bonum.

458 1011 598 1043 Privatis
625 1011 738 1042 vestris
765 1013 936 1052 vestreque
964 1011 1100 1043 civitatis
1128 1011 1304 1043 commodis
1339 1013 1373 1043 et
1401 1010 1600 1052 profectibus
1629 1014 1763 1053 propter
1791 1014 1901 1053 grata,
1933 1022 1995 1054 que

351 1063 443 1095 nobis
465 1064 643 1104 nostrisque
667 1062 924 1104 progenitoribus
946 1062 1085 1094 fideliter
1108 1066 1141 1094 et
1163 1063 1348 1105 frequenter
1370 1061 1587 1104 impendistis,
1619 1062 1775 1105 obsequia
1797 1062 1995 1104 benignitate

352 1116 442 1157 regia
464 1125 592 1156 semper
615 1117 647 1146 et
666 1114 803 1145 ubilibet
825 1115 996 1156 gratiosius
1018 1114 1184 1146 intendere
1209 1118 1242 1146 et
1265 1114 1439 1156 dispendiis
1461 1125 1634 1156 precavere
1658 1114 1812 1155 volentes,
1835 1115 1916 1146 scire
1939 1125 1996 1146 vos

352 1168 496 1209 cupimus
525 1167 705 1206 universos,
733 1165 820 1207 quod
850 1166 877 1197 si
903 1166 1089 1198 theloneum
1116 1177 1136 1198 a
1158 1166 1250 1198 vobis
1277 1177 1336 1208 per
1361 1166 1446 1198 Reni
1473 1166 1600 1198 alveum
1630 1166 1671 1198 de
1694 1167 1808 1198 vestris
1835 1166 1995 1198 mercibus
2014 1179 2040 1198 ιι

352 1218 438 1260 apud
453 1218 577 1250 Selsam
594 1221 744 1249 exactum
767 1221 816 1249 est
831 1217 1015 1259 aliqualiter
1031 1218 1082 1250 vel
1097 1221 1273 1260 receptum,
1296 1217 1350 1249 id·
1370 1228 1443 1249 cum
1458 1217 1676 1250 satisfactione
1691 1218 1836 1260 plenaria
1851 1218 1997 1251 volumus

351 1270 464 1302 libenti
487 1270 593 1301 animo
617 1271 803 1300 retractare.

459 1321 580 1353 Datum
603 1322 634 1352 in
659 1321 770 1352 castris
791 1331 893 1363 prope
913 1321 1072 1362 Stakmat,
1096 1321 1137 1354 V.
1150 1320 1315 1353 Kalendas
1338 1320 1460 1361 Marcii,
1485 1321 1576 1363 regni
1598 1321 1697 1352 nostri
1719 1331 1803 1353 anno
1824 1321 1938 1364 primo.

426 1492 500 1528 214.
537 1491 826 1530 OBLIGATIO
850 1491 1119 1529 LUDEWICI
1142 1490 1246 1528 PRO
1262 1490 1476 1528 ‘COMITE
1499 1491 1570 1528 DE
1595 1491 1920 1530 VELDENTIA.

1023 1558 1131 1595 1315.
1173 1558 1278 1595 Mart.
1300 1558 1334 1595 3.
2014 1577 2042 1598 ω

465 1651 624 1693 Oriyinale
648 1651 721 1694 (or.)
750 1652 785 1683 in
813 1651 972 1683 tabulario
1000 1653 1114 1682 secreto
1141 1650 1251 1682 domus
1276 1650 1380 1691 regiae
1406 1650 1606 1683 Bawmicae.
1658 1650 1772 1683 Denuo
1795 1651 1994 1684 contulimus.

351 1703 470 1735 Pendet
492 1703 630 1744 siqillum
652 1703 770 1735 laesum
793 1702 858 1735 loro
880 1702 1123 1735 membranaceo.
1147 1721 1190 1725 —
1211 1702 1284 1734 Iam
1307 1701 1463 1734 edidimus
1485 1702 1600 1734 ‘Neues
1620 1702 1748 1734 Archiv’
1771 1702 1909 1742 XXIII,
1933 1705 1996 1735 676

351 1767 400 1787 nr.
417 1758 438 1787 7
460 1767 498 1788 eac
521 1767 565 1788 or.
611 1756 674 1790 Ed.
698 1756 731 1789 J.
747 1755 805 1788 Fr.
822 1754 981 1794 Kno'pfler
1004 1754 1239 1795 ‘Forschunyen
1260 1764 1319 1787 zur
1343 1753 1526 1786 Geschichte
1547 1754 1709 1795 Bayerns’
1732 1754 1799 1794 XI,
1823 1754 1885 1786 121
1909 1765 1958 1787 nr.
1976 1754 1995 1786 1

352 1808 433 1839 satis
454 1807 535 1840 male
557 1807 668 1839 lectum
691 1818 730 1839 ea:
753 1818 797 1839 or.

458 1884 554 1927 (N)os
577 1884 769 1916 Ludowicus
792 1883 855 1916 Dei
878 1884 982 1926 gratia
1004 1884 1223 1916 Romanorum
1247 1895 1305 1916 rex
1327 1895 1456 1926 semper
1479 1888 1632 1927 augustus
1658 1888 1771 1917 tenore
1793 1885 1996 1927 presencium
2014 1901 2045 1922 ης,

351 1937 554 1979 profitemur,
588 1947 646 1968 nos
678 1936 778 1968 nobili
812 1937 879 1968 viro
909 1935 1028 1968 Georio
1062 1937 1171 1969 comiti
1199 1936 1240 1968 de
1256 1936 1435 1969 Veldentze
1468 1937 1502 1968 in
1532 1937 1655 1969 duobus
1686 1937 1814 1969 milibus
1843 1937 1998 1970 librarum

352 1988 596 2030 Hall(ensiu)m‚
626 1999 705 2030 quas
733 1989 825 2020 nobis
853 1990 1011 2021 mutuavit
1035 1999 1091 2021 seu
1115 1989 1281 2030 concessit,
1306 1990 1446 2020 existere
1471 1989 1659 2031 obligatum,
1684 1989 1815 2021 easdem
1838 1989 1899 2021 sibi
1921 1989 1996 2021 red-

352 2041 428 2072 dere
455 2041 658 2083 promisimus
686 2044 719 2072 et
746 2041 870 2073 solvere
904 2045 1051 2073 tenemur
1080 2051 1176 2083 super
1203 2041 1396 2073 dominicam
1424 2040 1612 2073 Palmarum
1641 2042 1787 2083 proxime
1815 2040 1996 2073 affuturam.

350 2092 415 2124 Pro
448 2093 562 2134 quibus
597 2092 703 2124 eidem
738 2092 857 2124 Georio
892 2093 1110 2124 venerabilem
1145 2092 1345 2125 Emchonem
1379 2093 1565 2135 episcopum
1599 2092 1785 2135 Spirensem
1818 2093 1996 2135 principem

350 2147 494 2176 nostrum
517 2145 669 2176 dilectum
693 2148 725 2176 et
747 2144 871 2176 nobiles
893 2145 978 2176 viros
1000 2144 1218 2186 infrascriptos
1241 2144 1393 2176 videlicet
1416 2144 1620 2177 Schdfridum
1643 2145 1684 2177 de
1699 2145 1869 2187 Liningen,
1891 2143 1995 2176 Berh-
2014 2158 2047 2178 aa

352 2196 476 2227 toldum
500 2196 539 2228 de
562 2196 669 2236 Nifen,
694 2195 848 2228 Georium
871 2196 1011 2228 Irsutum
1034 2197 1195 2237 comitem,
1217 2196 1429 2228 Ludowicum
1453 2197 1494 2229 de
1513 2186 1686 2239 6thingen,
1708 2196 1931 2228 Hermannum
1953 2195 1996 2227 de

352 2247 474 2289 Oastel,
505 2248 669 2280 Andream
697 2247 737 2279 de
766 2248 953 2289 Brfinecke,
988 2247 1172 2280 Cflnradum
1201 2248 1242 2280 de
1264 2247 1474 2289 Hohenloch,
1506 2247 1731 2280 Eberhardum
1763 2247 1803 2279 de
1836 2247 1996 2290 Brfiberg,

351 2300 571 2331 Hermannum
595 2300 635 2332 de
658 2299 879 2341 Liehtenberg
901 2300 1129 2332 cancellarium
1152 2304 1306 2340 nostrum,
1330 2299 1516 2332 Gfinradum
1539 2299 1716 2342 Engelhart
1737 2299 1837 2331 filium
1855 2298 1997 2331 Cfinradi

352 2351 392 2383 de
409 2352 597 2393 Winsberg,
627 2351 842 2383 Thiebaldum
870 2352 910 2384 de
939 2351 1148 2394 Stralenberg
1177 2353 1347 2384 canonicos
1376 2351 1560 2394 Spirenses,
1582 2351 1791 2384 Lfidewicum
1814 2350 1930 2383 ducem
1954 2350 1995 2383 de

352 2403 494 2444 Thecke,
518 2403 704 2435 Heinricum
728 2403 768 2434 de
784 2403 1013 2445 Northeuberg
1035 2404 1223 2445 magistrum
1247 2403 1333 2436 curie
1355 2406 1474 2444 nostre,
1498 2403 1682 2446 Lupoldum
1701 2403 1834 2435 fratrem
1851 2402 1996 2435 eiusdem
2013 2416 2045 2437 ει,

351 2455 538 2496 magistrum
563 2456 697 2496 coquine
721 2459 839 2496 nostre,
861 2455 1056 2487 Alberhtum
1080 2454 1235 2487 Hummel
1258 2455 1299 2487 de
1322 2454 1556 2496 Liehtenberg,
1581 2454 1773 2487 Oeissolfum
1797 2454 1837 2486 de
1861 2454 1996 2496 Magon-

351 2506 453 2546 heim,
469 2506 679 2538 Wilhelmum
707 2506 748 2538 de
775 2507 1025 2547 Frankenstein,
1054 2506 1247 2538 Alberhtum
1273 2506 1449 2547 Iudeman,
1478 2507 1655 2538 Iohannem
1683 2506 1724 2538 de
1748 2506 1940 2538 Hohenhart
1963 2509 1997 2538 et

350 2557 536 2590 Paularium
564 2558 799 2590 vicedominum
826 2562 970 2590 nostrum
998 2559 1031 2590 in
1059 2558 1277 2601 Heidelberg,
1308 2558 1529 2591 constituimus
1559 2561 1592 2590 et
1621 2557 1768 2590 dedimus
1797 2558 1831 2590 in
1857 2557 1996 2590 solidum

352 2620 462 2641 omnes
497 2609 643 2641 obsidesa
677 2610 735 2642 sub
769 2611 830 2642 hac
864 2610 1068 2652 condicione,
1103 2610 1200 2642 modo
1230 2611 1296 2642 sive
1327 2610 1446 2651 forma,
1477 2609 1565 2652 quod
1593 2611 1620 2641 si
1648 2610 1808 2652 prefatam
1838 2619 1996 2641 summam

351 2661 487 2702 pecunie
516 2661 600 2692 dicto
629 2661 746 2693 Georio
776 2673 872 2704 super
901 2662 1081 2704 predictum
1113 2663 1284 2694 terminum
1310 2662 1406 2704 plene
1435 2665 1468 2694 et
1496 2662 1639 2694 totaliter
1662 2672 1724 2693 non
1746 2661 1995 2703 persolverimus
2013 2675 2048 2695 ιο.

352 2713 403 2744 vel
426 2713 632 2753 solveremus,
657 2717 772 2745 extunc
796 2714 932 2756 predicti
960 2713 1087 2746 obsides
1114 2724 1190 2746 mox
1211 2714 1302 2756 lapso
1326 2713 1411 2746 dicto
1435 2713 1487 2745 die
1510 2713 1680 2749 Doninico
1703 2724 1762 2755 pro
1785 2712 1915 2745 arbitrio
1938 2723 1996 2744 seu

455 2788 519 2816 213.
548 2789 572 2823 ⁸)
591 2791 701 2822 sequitur
719 2800 816 2816 rasura
834 2801 871 2817 or.

455 2849 518 2876 214.
546 2849 569 2884 Β)
589 2860 676 2877 omnes
695 2853 796 2878 obsides
814 2853 841 2878 in
859 2853 913 2878 loco
931 2862 1008 2883 raam
1025 2853 1102 2886 prius
1120 2853 1241 2886 ecriptum
1258 2857 1314 2878 erat
1332 2853 1545 2878 fideiussores
1563 2861 1601 2877 or.
