2184 3126
322 197 384 227 762
518 192 616 219 ACTA
635 190 748 217 REGNI
768 188 951 216 LUDEWICI
970 188 1017 215 IV.
1036 187 1082 215 ΕΤ
1102 186 1288 214 FRIDERICI
1307 187 1356 213 111.
1392 186 1468 214 1324.
1505 186 1554 213 Nr.
1566 186 1626 214 922.
1644 185 1705 214 923.
1724 186 1784 215 924.

319 279 418 311 vadat
445 278 587 317 curvusb,
619 276 730 308 adicee
753 278 842 307 tuum
874 275 1015 306 animum
1043 277 1077 305 et
1109 273 1234 304 custodi
1264 275 1297 304 te
1327 271 1369 304 ab
1398 271 1475 303 illo'.
1587 271 1635 314 (2)
1667 272 1831 309 Quantum
1864 276 1973 305 autem

319 331 485 362 temeritas
511 327 739 370 appellationis
768 326 870 366 illius,
905 325 945 357 de
971 335 1035 366 qua
1062 325 1260 356 mentionem
1289 323 1416 365 prefate
1444 323 1552 355 littere
1580 323 1757 365 faciebant,
1787 323 1847 356 sibi
1875 328 1975 367 queat

320 383 475 424 proficere
503 383 722 422 quantumque
751 379 777 409 is
805 380 916 409 contra
948 387 1043 418 quem
1074 375 1310 417 interponenda
1339 375 1455 407 dicitur
1483 374 1529 406 illi
1558 373 1698 407 defferre
1722 374 1857 417 debeat,
1885 379 1974 408 tuam

320 433 522 474 prudentiam
546 431 704 463 credimus
727 440 790 460 non
820 429 931 461 latere.
984 427 1079 464 Quod
1107 430 1216 459 autem
1244 437 1279 458 se
1310 426 1392 458 scire
1422 429 1561 467 asserat,
1591 426 1678 468 quod
1707 426 1734 458 si
1765 426 1858 459 nobis
1887 429 1975 459 certa

319 484 486 520 dimiserit,
510 493 567 514 nos
590 482 708 513 nedum
732 481 793 512 sibi
816 479 874 511 sed
897 480 965 511 eius
988 478 1162 511 heredibus
1184 478 1249 510 alia
1265 478 1473 518 dimittemus,
1497 477 1660 519 quomodo
1683 478 1724 509 sit
1747 488 1843 510 ausus
1866 477 1975 511 dicere
2006 489 2018 509 s

317 536 363 566 sic
386 534 552 566 evidenter
574 532 655 564 falsa
678 535 711 564 et
734 531 955 573 impossibilia,
979 541 1042 562 non
1066 530 1240 562 sufficimus
1264 529 1425 570 admirari,
1449 539 1522 560 cum
1538 528 1610 561 Deo
1633 532 1716 562 teste
1739 540 1901 571 nunquam
1917 541 1975 572 pro

318 589 410 627 parte
442 595 500 616 sua
526 584 617 615 nobis
647 594 706 615 nec
736 593 795 625 pro
826 585 936 614 nostra
959 582 1019 614 sibi
1043 581 1083 613 de
1107 583 1216 613 nostra
1240 580 1435 613 conscientia
1461 581 1514 612 vel
1540 580 1694 612 mandato
1718 580 1822 613 factus
1845 580 1886 613 de
1914 581 1975 613 hiis

319 647 425 668 sermo
450 635 548 667 fuerit
570 645 629 667 nee
653 635 745 666 nobis
769 634 929 666 credimus
950 634 1011 665 hec
1034 633 1142 665 licere.
1189 632 1297 669 Quare
1319 632 1428 664 verbis
1451 632 1570 664 talibus
1592 642 1797 675 nequaquam
1822 636 1872 665 est
1893 633 1975 665 fides

318 689 426 730 aliquo
451 687 599 728 prudenti
622 686 817 727 adhibenda,
841 685 899 717 sed
923 685 965 717 ad
988 685 1077 716 illum
1100 685 1197 716 finem
1220 684 1372 726 loquitur,
1395 687 1431 715 ut
1454 684 1536 716 alios
1557 684 1591 716 in
1613 684 1663 716 sui
1679 685 1795 716 erroris
1810 685 1975 717 attrahere

318 739 425 771 valeat
448 738 676 769 fulcimentum.
770 738 817 778 (3)
841 737 1066 768 Pronunciatis
1093 739 1202 768 autem
1230 735 1413 767 huiusmodi
1436 739 1526 767 tuam
1549 735 1754 768 devotionem
1778 737 1810 768 in
1832 735 1973 768 Domino
1992 745 2018 765 ιο

318 790 539 831 multipliciter
561 788 825 821 commendantes
855 788 914 820 tibi
937 789 1114 831 gratiarum
1138 787 1308 819 referimus
1336 786 1453 819 uberes
1476 787 1635 828 actiones,
1658 787 1861 820 nobilitatem
1884 791 1973 820 tuam

317 841 493 873 affectuose
517 844 678 882 rogantes,
703 840 852 882 quatinus
875 839 938 871 abd
962 850 1002 871 ea
1025 839 1209 879 devotione,
1233 849 1330 880 quam
1354 849 1433 881 erga
1459 849 1518 870 nos
1541 842 1575 871 et
1595 838 1779 871 Romanam
1802 839 1973 872 ecclesiam

318 896 350 924 te
373 892 495 924 habere
523 895 583 923 tue·
601 892 664 923 alie
693 894 873 923 atestantur
899 892 1022 931 littere,
1052 894 1084 922 te
1114 890 1283 932 presertim
1316 890 1523 923 fraudulenta
1550 891 1720 932 promissio
1746 901 1810 922 non
1837 893 1973 932 avertat,

317 943 376 976 sed
398 944 431 975 in
454 943 569 975 eadem
592 943 686 974 stude
709 953 919 985 perseverare
942 942 1049 984 potius
1071 941 1268 973 inmobiliter
1290 944 1324 973 et
1346 946 1541 983 constanter,
1564 943 1610 974 sic
1633 941 1720 984 quod
1735 944 1846 984 preter
1861 945 1973 974 eterne

318 995 537 1028 retributionis
559 995 717 1037 premium
734 998 876 1026 nostram
894 997 927 1026 et
943 993 1121 1036 apostolice
1143 993 1229 1025 sedis
1244 994 1382 1035 gratiam
1399 993 1639 1026 habundantius
1654 993 1764 1026 valeas
1780 994 1974 1035 promoveri.
1994 1001 2018 1021 ¹⁵

424 1047 544 1079 Datum
569 1047 765 1087 Avinion(e),
791 1046 848 1078 VI.
866 1045 943 1077 Idus
966 1045 1060 1084 Iunii,
1084 1055 1168 1076 anno
1192 1048 1316 1077 octavo.

713 1211 799 1247 993.
829 1211 914 1248 924.
956 1211 1109 1247 Mtte-ae
1138 1211 1185 1246 ad
1210 1210 1350 1247 clerum.
1454 1209 1537 1247 Iun.
1552 1213 1584 1246 9.

426 1287 455 1318 A
478 1286 567 1326 copia
590 1286 704 1318 ibidem
726 1286 780 1325 sol.
798 1288 839 1317 71
865 1296 914 1317 nr.
935 1286 1009 1317 881.
1067 1285 1267 1318 sztulimus
1293 1295 1360 1317 nos.
1391 1304 1429 1309 —
1461 1285 1524 1317 Ed.
1546 1285 1566 1317 l.
1583 1296 1609 1318 c.
1629 1285 1658 1324 Ι,
1680 1287 1722 1317 81
1745 1295 1795 1318 nr.
1815 1285 1858 1317 57
1884 1295 1924 1318 cx
1945 1296 1974 1318 c.

316 1338 510 1378 Exeerptum
525 1338 656 1378 praebet
680 1337 796 1370 Rieder
818 1337 967 1378 ‘Quellen'
988 1348 1020 1378 p.
1040 1338 1104 1369 182
1124 1349 1174 1369 nr.
1193 1339 1255 1369 661
1278 1348 1318 1369 ex
1340 1348 1367 1370 c.

424 1397 498 1438 Req.
515 1397 704 1429 Bullarium
726 1398 981 1430 Franciscanum
1003 1397 1038 1436 V,
1051 1398 1115 1429 264
1137 1408 1186 1429 nr.
1203 1397 1286 1436 535,·
1308 1397 1400 1438 Lany
1423 1398 1529 1430 ‘Acta’
1552 1397 1582 1436 1,
1595 1399 1637 1430 78
1659 1407 1709 1430 nr.
1726 1398 1778 1430 61.
1990 1403 2018 1424 ¹⁰

423 1458 451 1489 B
473 1458 564 1497 copia
593 1468 704 1490 coaeva
735 1458 922 1498 eoeemplaris
951 1459 995 1490 ad
1023 1457 1139 1490 clerum
1162 1458 1314 1491 dioceseos
1338 1458 1580 1500 Arqcntinensis
1606 1460 1644 1490 ut
1665 1458 1789 1490 videtur
1819 1458 1910 1491 missi
1939 1458 1975 1491 in

316 1508 472 1541 tabulario
494 1509 633 1541 civitatis
655 1510 907 1550 Aryevztinensis.
955 1509 1155 1543 Contulimus
1177 1520 1243 1542 nos.

372 1597 443 1626 923.
479 1594 620 1627 Litterae
643 1595 687 1626 ad
707 1595 823 1628 clerum
847 1596 1065 1628 Basiliensem.
1351 1597 1423 1628 924.
1458 1595 1600 1627 Litterae
1620 1595 1788 1636 yenerales.

697 1656 736 1686 A.
1558 1656 1595 1687 B.

1216 1707 1378 1740 Iohannes
1401 1708 1573 1749 episcopus
1595 1718 1706 1740 servus
1727 1718 1895 1741 servorum
1911 1707 1975 1740 Dei
1993 1721 2019 1742 25

318 1756 443 1789 dilectis
471 1757 543 1788 filiis
566 1758 743 1789 universis⁸
766 1758 959 1800 abbatibus,
984 1759 1157 1802 prioribus,
1181 1760 1369 1801 prepositis,
1394 1759 1554 1799 decanisb,
1581 1760 1846 1801 archidiaconis⁰‚
1870 1759 1977 1792 archi—1

320 1808 546 1850 presbyterisd,
569 1809 728 1851 plebanis,
753 1810 932 1842 rectoribus
957 1813 990 1842 et
1012 1811 1083 1842 aliis
1107 1812 1317 1844 ecclesiarum
1340 1811 1473 1853 prelatis
1497 1811 1678 1853 ceterisque
1701 1813 1846 1853 personis
1869 1811 1975 1844 eccle·

316 1860 451 1891 siasticis
474 1861 689 1892 secularibuse
717 1864 750 1893 et
773 1862 990 1903 regularibus,
1018 1863 1180 1904 exemptis
1209 1866 1242 1894 et
1263 1873 1327 1894 non
1351 1863 1529 1904 exemptis,
1556 1862 1766 1899 cistercien&
1789 1863 1974 1896 Oluniacen.

316 1914 582 1954 sanctorumqueg
602 1912 771 1944 Benedicti
794 1917 827 1945 et
851 1914 1034 1956 Augustini,
1058 1914 1335 1955 Grandimonten.,
1361 1913 1567 1954 Oartusien.¹¹,
1591 1914 1813 1947 Gamaldulen.
1837 1914 1977 1946 necnon¹

316 1964 486 2004 magistris,
511 1963 691 2005 prioribusi,
715 1965 959 2006 preceptoribus
982 1966 1228 2008 Hospital(ium)
1253 1967 1355 1998 sancti
1378 1965 1530 1998 Iohannis
1549 1966 1800 1998 Ierosolimitani
1823 1969 1857 1999 et
1878 1966 1975 1998 beate
1993 1980 2020 2000 so

316 2014 417 2045 Marie
434 2014 714 2056 Teutonioorumk,
738 2016 941 2048 Oalatraven.
966 2021 1000 2049 et
1015 2017 1278 2058 Humiliatorum,
1302 2017 1462 2059 prioribus
1486 2027 1626 2060 quoque,
1649 2018 1811 2059 ministris,
1835 2017 1976 2050 custodi-

318 2064 377 2096 bus
411 2069 444 2097 et
476 2066 638 2107 gardianis
665 2066 911 2100 Predicatorum
941 2069 987 2101 et¹
1010 2069 1185 2110 Minorum,
1213 2069 1456 2102 Heremitarum
1486 2070 1588 2101 sancti
1614 2069 1788 2112 Augustini
1818 2072 1851 2101 et
1879 2069 1975 2102 beate

316 2116 417 2148 Marie
441 2117 481 2149 de
498 2117 645 2149 Carmelo
663 2129 699 2150 ac
723 2120 879 2151 universis
896 2123 929 2152 et
951 2121 1086 2163 singulis
1109 2120 1262 2153 fratribus
1284 2122 1428 2163 ipsorum
1450 2120 1598 2152 ordinum
1614 2123 1648 2152 et
1662 2121 1799 2153 aliorum
1822 2131 1974 2163 quorum-

318 2174 481 2209 cumquem
504 2169 754 2202 mendicantium
779 2175 812 2203 et
834 2182 897 2203 non
920 2172 1173 2205 mendicantium

318 2218 349 2249 in
378 2219 506 2251 civitate
535 2224 567 2252 et
595 2221 715 2253 diocesi
738 2223 908 2255 Basiliensi
936 2225 1117 2256 constitutis
1990 2237 2015 2258 ⁸⁵

319 2269 360 2300 ad
384 2281 463 2311 quos
487 2276 652 2312 presentes
675 2274 802 2306 litteren
825 2276 1033 2316 pervenerint

1166 2328 1305 2359 salutem
1329 2330 1362 2359 et
1384 2327 1600 2369 apostolicam
1623 2321 1910 2360 benedictionem(

426 2372 579 2406 Volentes
602 2386 769 2416 processus
792 2381 917 2410 nostros
941 2389 1044 2421 nuper
1067 2379 1108 2411 de
1131 2379 1266 2411 fratrum
1288 2382 1470 2411 nostrorum
1486 2379 1618 2411 consilio
1643 2382 1753 2411 contra
1769 2379 1974 2422 magnificum

319 2422 420 2453 virum
444 2424 661 2458 Ludovicum0
677 2427 791 2460 ducem
814 2429 972 2462 BavarieP
989 2430 1181 2462 discorditer
1203 2431 1236 2462 in
1258 2441 1371 2472 regem
1393 2430 1615 2462 Romanorum
1638 2431 1779 2463 electum
1802 2442 1839 2463 ac
1863 2441 1975 2463 omnes

319 2476 353 2504 et
375 2474 516 2515 singulos
540 2477 645 2509 eidem
668 2482 821 2521 tanquam
845 2482 914 2523 regi
936 2481 1186 2524 Roman(orum)
1210 2492 1308 2524 super
1334 2482 1396 2513 hiis
1425 2492 1488 2524 que
1516 2482 1557 2514 ad
1587 2492 1723 2524 regnum
1751 2486 1900 2525 spectant
1922 2483 1974 2515 vel
1992 2493 2019 2512 4ο

319 2524 488 2566 imperium
515 2526 744 2571 Roman(um)‘¹
767 2536 919 2573 parentes
947 2544 1005 2566 seu
1035 2533 1239 2566 intendentes
1268 2544 1306 2566 ac
1336 2537 1519 2576 prestantes
1546 2534 1718 2575 auxilium,
1749 2535 1918 2567 consilium
1942 2537 1976 2567 et

421 2610 487 2637 922.
512 2612 536 2645 b)
554 2615 641 2640 curius
661 2624 682 2640 c.
770 2616 792 2650 0)
811 2619 913 2644 abisse?
931 2629 952 2645 c.
1041 2619 1065 2652 d)
1085 2621 1112 2646 in
1130 2629 1151 2646 c-

422 2670 488 2698 923.
507 2671 572 2699 924.
602 2676 625 2705 Ιι)
645 2694 651 2700 .
668 2676 748 2701 ‚acch
766 2677 794 2701 B.
882 2678 906 2710 ¹1)
926 2680 1109 2713 dec.prep.1›*.
1202 2681 1225 2713 c)
1244 2681 1392 2714 archidyac.
1406 2682 1435 2706 B.
1523 2680 1549 2713 d)
1568 2682 1746 2715 arohipresbit-
1758 2682 1792 2707 B·
1881 2680 1904 2713 ⁰)
1922 2689 1975 2707 ⁵00*

265 2751 267 2754 Ι
320 2713 452 2739 cularibus
473 2715 506 2740 A.
603 2716 622 2748 ἢ
641 2718 796 2750 Cystereien.
810 2719 845 2745 B.
942 2722 967 2754 Β)
985 2728 1133 2749 sanctorum
1150 2723 1183 2749 B.
1278 2722 1303 2755 ¹³)
1322 2724 1391 2749 Cart.
1405 2725 1502 2750 Grand.
1518 2724 1555 2754 B,·
1577 2725 1845 2751 Premonsstrflten·
1865 2724 1927 2750 “dd-
1941 2724 1973 2750 B·

319 2754 338 2787 i)
356 2760 386 2781 et
404 2757 464 2782 add.
480 2757 513 2783 Β.
608 2758 632 2790 k)
651 2761 774 2787 Theoton.
789 2763 819 2788 B.
908 2763 926 2795 ¹)
946 2765 1014 2791 deest
1031 2766 1064 2792 B.
1151 2767 1183 2798 m)
1202 2771 1227 2792 et
1245 2767 1278 2792 al.
1291 2775 1335 2799 qu.
1348 2767 1402 2792 ord.
1417 2767 1450 2792 B.
1539 2768 1564 2800 ¹¹)
1583 2768 1632 2793 litt.
1646 2776 1711 2801 pres.
1725 2767 1758 2793 B·
1847 2767 1871 2800 ⁰)
1890 2768 1974 2793 Lude·
1991 2776 2018 2795 4⁵

320 2799 411 2824 wicum
430 2799 462 2825 B.
552 2802 576 2835 Ρ)
596 2803 710 2829 Bawarie
728 2803 762 2829 B.
848 2806 873 2837 q)
892 2808 1062 2834 Romanorum
1081 2810 1111 2834 B,
