2184 3126
342 219 405 248 570
532 214 628 241 ACTA
647 212 760 239 REGNI
778 210 963 239 LUDEWICI
982 210 1029 237 IV.
1047 210 1093 236 ΕΤ
1114 207 1297 235 FRIDERICI
1316 207 1364 234 111.
1402 207 1476 234 1323.
1513 206 1562 234 Nr.
1575 207 1634 234 729.
1653 206 1712 234 730.
1732 206 1790 234 731.

341 300 524 333 huiusmodi
548 299 764 342 dispensandi,
853 297 950 329 feuda
980 306 1107 338 quoque
1137 295 1284 336 antiqua,
1312 295 1401 325 recta
1428 296 1462 324 et
1483 293 1614 335 legalia,
1645 293 1672 324 si
1695 296 1804 325 tamen
1827 293 1999 326 comitatus

342 356 399 385 aut
431 352 613 394 superiores
648 351 821 393 dignitates
853 360 915 380 non
945 349 1078 388 fuerint,
1114 345 1301 377 conferendi
1329 355 1366 376 ac
1394 343 1584 376 infeudandi
1609 344 1765 376 vassallos
1798 344 1926 386 imperii
1957 345 1998 377 de

343 403 458 445 feudis,
483 404 538 445 qui
560 413 656 434 manu
678 402 730 433 vel
754 412 808 432 ore
833 401 951 432 fuerint
970 397 1177 437 conferenda,
1200 395 1378 437 recipiendi
1402 394 1526 438 et[iam]
1551 405 1571 427 a
1593 395 1739 427 vassallis
1761 396 1878 428 nostris
1893 395 1998 428 fideli-

345 455 419 486 tatis
442 458 475 486 et
498 454 639 495 homagii
663 455 873 492 sacramenta,
915 487 918 489 ‚
956 449 1130 482 exercendi
1153 451 1303 490 preterea
1327 451 1359 479 et
1381 447 1501 489 agendi
1524 457 1727 489 quecumque
1751 447 1793 479 ad
1815 458 1941 480 merum
1965 451 1999 480 et

342 507 471 538 mistum
500 506 670 546 imperium
694 505 865 545 pertinent,
955 505 988 533 et
1011 501 1119 533 omnia
1143 503 1176 531 et
1198 499 1324 541 singula
1354 498 1511 539 faciendi,
1540 509 1603 540 que
1631 498 1740 531 facere
1768 509 1936 541 possemus
1965 500 1999 531 in
2029 510 2042 530 s

342 558 504 599 premissis
522 560 554 587 et
570 556 652 587 circa
669 555 823 597 premissa
838 554 968 594 propria
988 553 1020 583 in
1036 562 1185 593 persona,
1206 551 1333 582 etiamsi
1349 549 1538 582 mandatum
1555 554 1849 592 quantumcumque
1866 550 2000 593 exigant

342 608 492 650 speciale.
544 607 776 638 Promittentes
810 616 867 636 nos
901 607 986 644 rata,
1021 604 1113 635 firma
1146 605 1179 634 et
1212 605 1304 644 grata
1333 601 1500 633 habituros
1526 603 1655 634 nomine
1683 605 1792 634 nostro
1816 604 1850 634 et
1871 602 1999 645 imperii

340 659 493 699 Romani,
525 667 727 699 quecumque
758 666 816 698 per
845 655 965 687 dictum
988 653 1200 686 Bertholdum
1228 654 1380 685 comitem
1413 652 1455 685 de
1477 653 1656 685 Marsteten
1680 653 1802 685 dictum
1825 653 1866 685 de
1889 653 1998 686 Niffen

342 710 504 750 ordinata,
539 709 625 740 facta
657 709 710 740 vel
741 711 835 749 gesta
866 707 986 738 fuerint
1017 717 1075 737 seu
1105 704 1351 747 quomodolibet
1379 707 1572 747 procurata⁸
1600 705 1634 736 in
1662 705 1816 747 predictis
1854 708 1887 736 et
1917 714 1998 747 quo-

341 761 420 792 libet
455 761 714 802 prescriptorum.
765 759 974 800 Iniungentes
1010 768 1134 789 exnunc
1165 757 1357 789 cancellario
1385 760 1494 789 nostro
1523 757 1582 789 sub
1611 756 1721 789 debito
1749 757 1929 798 fidelitatis,
1963 759 1999 788 ut
2018 768 2043 787 ιο

341 814 578 853 concessiones,
613 813 865 851 infeudationes,
901 811 1174 850 confirmationes,
1206 810 1422 841 institutiones
1445 819 1502 840 seu
1526 808 1766 849 destitutiones,
1800 809 1919 850 placita
1941 818 1998 840 seu

341 865 578 905 conventiones,
604 867 795 904 contractus,
819 863 1043 895 renovationes
1066 861 1310 903 privilegiorum
1333 871 1392 892 seu
1414 860 1584 903 privilegia
1607 871 1666 903 per
1687 861 1793 903 ipsum
1815 863 1898 901 acta,
1923 860 2000 892 data

340 920 373 948 et
389 926 550 957 concessa,
573 919 745 958 postquam
769 916 798 947 ei
822 926 879 957 per
895 915 1020 946 litteras
1044 916 1077 945 et
1097 913 1236 955 sigillum
1253 911 1408 943 antedicti
1424 912 1551 944 comitis
1573 915 1759 954 presentata
1782 915 1816 945 et
1837 913 1998 944 insinuata

341 968 472 1009 fuerint,
507 969 539 999 in
573 968 709 999 formam
744 967 907 1008 publicam
941 965 1129 1007 redigantur
1157 968 1191 996 et
1219 964 1325 1005 sigillo
1353 964 1532 996 maiestatis
1559 964 1649 1006 regie
1677 963 1879 996 roborentur.
1925 963 1997 1001 Quo

341 1019 367 1050 si
391 1019 555 1058 roborata,
584 1019 758 1059 insinuata,
789 1017 929 1060 sigillata
953 1020 985 1048 et
1007 1016 1139 1048 redacta
1163 1016 1283 1047 fuerint
1305 1015 1372 1047 sive
1395 1025 1474 1056 non,
1503 1015 1728 1048 nichilominus
1756 1016 1828 1057 ipsa
1850 1015 1935 1048 vires
1965 1017 1999 1047 et
2016 1023 2041 1044 u

340 1071 485 1112 vigorem
509 1081 546 1102 ac
568 1071 754 1102 firmitatem
777 1069 898 1101 habere
920 1069 1081 1109 volumus,
1110 1069 1176 1100 acsi
1198 1067 1348 1108 redacta,
1379 1068 1567 1109 consignata
1589 1071 1623 1099 et
1645 1067 1786 1111 sigillata
1808 1067 1944 1099 fuissent
1966 1069 2000 1099 et

340 1132 400 1164 per
422 1133 479 1153 nos
501 1123 588 1163 ipsos
612 1133 778 1162 concessa,
803 1121 959 1161 ordinata,
984 1121 1104 1162 placita
1127 1123 1160 1151 et
1182 1120 1351 1161 promissa.
1439 1119 1477 1150 In
1500 1119 1589 1151 cuius
1611 1120 1659 1151 rei
1681 1120 1900 1151 testimonium
1923 1129 1997 1161 pre-

340 1177 448 1205 sentes
471 1173 531 1204 sibi
554 1173 701 1205 dedimus
724 1175 832 1204 nostre
856 1173 1034 1204 maiestatis
1058 1171 1163 1214 sigillo
1187 1171 1362 1203 munimine
1385 1170 1565 1202 roboratas.

448 1224 567 1256 Datum
594 1225 769 1266 Ingolstat,
794 1224 850 1256 VI.
874 1223 956 1255 Non.
978 1223 1102 1264 Martii,
1130 1233 1214 1255 anno
1237 1222 1369 1254 Domini
1391 1221 1644 1264 MCCCXXHI,
1673 1223 1765 1265 regni
1792 1233 1869 1255 vero
1898 1222 1998 1254 nostri

341 1285 423 1307 anno
446 1275 559 1308 nonob.
2016 1280 2042 1301 »ο

341 1407 585 1452 730—734.
629 1407 959 1454 LUDEWICI
987 1406 1268 1453 SCRIPTA
1296 1407 1389 1452 AD
1418 1406 1747 1454 DIVERSOS
1775 1405 1996 1454 MISSA.
2041 1445 2044 1448 ,

887 1480 996 1516 1323.
1038 1480 1145 1516 Mart.
1167 1479 1394 1525 21.—Apr.
1416 1480 1451 1517 8.

583 1570 668 1606 730.
711 1570 863 1607 Litterae
891 1572 938 1606 ad
965 1571 1135 1607 civitatem
1164 1571 1459 1617 Aryentinensem.
1567 1570 1677 1606 Mart.
1696 1571 1756 1606 21,

453 1634 612 1675 Originale
647 1637 719 1676 (or.)
754 1636 790 1668 in
824 1636 984 1669 tabulario
1013 1637 1154 1669 civitatis
1184 1637 1436 1677 Aryentinensis.
1482 1635 1587 1677 sigilli
1618 1636 1729 1668 secreti
1761 1646 1850 1667 cerae
1880 1635 1999 1667 rubrae

342 1686 433 1718 dorso
455 1686 600 1726 impressi
621 1688 751 1728 vestiqz'a
774 1691 940 1728 apparent.
979 1688 1151 1729 Inscriptio
1174 1691 1234 1721 est:
1257 1688 1475 1721 Prudentibus
1497 1688 1573 1719 viris
1591 1687 1725 1730 Syglino
1749 1687 1836 1719 dicto
1852 1687 1998 1729 Pilgrejn
2016 1697 2043 1718 π

343 1738 496 1779 magistro
521 1741 554 1770 et
577 1739 758 1771 consulibus
782 1740 921 1771 civitatis
943 1740 1207 1782 Argentinensis,
1239 1740 1388 1772 fidelibus
1410 1740 1528 1772 nostris
1551 1739 1686 1772 dilectis.
1712 1757 1751 1762 —
1775 1738 1838 1770 Ed.
1859 1738 2000 1771 Biihmer

345 1789 439 1820 ‘Acta
461 1790 587 1829 imperii
608 1790 733 1823 selecta’
756 1802 792 1831 p.
815 1792 880 1823 492
909 1803 958 1825 nr.
981 1793 1045 1824 716
1072 1803 1111 1824 ex
1138 1803 1200 1831 or.;
1229 1791 1498 1825 ‘Urkundenbmk
1525 1791 1582 1823 der
1604 1791 1700 1824 Scaea
1723 1790 1925 1831 Strassbury'
1947 1790 1998 1829 ΙΙ,

344 1841 409 1871 372
429 1851 478 1872 nr.
496 1842 559 1872 423
581 1852 619 1873 ex
642 1853 687 1874 or.
731 1843 899 1876 Editiones
920 1844 1113 1877 adhibemus.

450 1901 595 1940 Bfflzmer,
621 1903 697 1943 Rey.
714 1904 827 1937 Ludw.
834 1915 871 1945 p.
887 1905 951 1936 355
973 1916 1025 1939 nr.
1040 1906 1127 1937 3203
1149 1905 1276 1946 (Addit.
1293 1903 1379 1945 III).

449 1970 640 2003 Ludowicus
668 1972 731 2004 Dei
758 1975 868 2015 gracia
898 1974 1119 2006 Romanorum
1149 1984 1209 2006 rex
1243 1983 1373 2015 semper
1409 1977 1565 2016 augustus
1663 1972 1875 2015 prudentibus
1901 1972 1999 2004 viris·
2017 1979 2043 2000 ω

344 2019 466 2061 Siglino
502 2022 586 2054 dicto
618 2023 784 2066 Pilgreina
817 2027 972 2068 magistro
1002 2029 1034 2058 et
1064 2025 1250 2058 consulibus
1286 2026 1425 2058 civitatis
1452 2025 1717 2068 Argentinensis‚
1752 2023 1902 2056 fidelibus
1935 2025 2001 2056 suis

344 2071 469 2104 dilectis
555 2076 698 2116 graciam
721 2086 812 2108 suam
836 2080 869 2108 et
893 2088 988 2109 omne
1012 2077 1142 2110 bonum.

450 2125 649 2157 Peticionem
673 2131 813 2159 vestram
836 2129 1030 2161 litteratorie
1053 2129 1146 2161 nobis
1169 2129 1326 2161 directam
1349 2128 1390 2160 de
1413 2128 1508 2160 factis
1530 2128 1738 2160 Hanemanni
1761 2127 1802 2159 de
1825 2127 2000 2159 Liechten-

343 2173 424 2216 berg
438 2177 666 2217 perpendimus
682 2178 864 2221 diligenter,
888 2182 933 2212 sic
957 2181 1043 2223 quod
1060 2180 1101 2213 ob
1125 2191 1199 2212 eam
1221 2190 1351 2212 causam
1375 2182 1408 2211 et
1423 2180 1487 2212 alia
1504 2179 1643 2222 quedam
1659 2179 1781 2211 motiva
1796 2179 1999 2220 legacionem

345 2229 485 2257 nostram
514 2228 681 2261 honestam
712 2234 745 2262 et
770 2242 829 2273 per
859 2232 960 2264 bonos
991 2243 1030 2264 ac
1053 2233 1218 2275 sapientes
1240 2233 1373 2264 nuncios
1395 2232 1437 2263 ad
1460 2235 1570 2274 partes
1593 2231 1723 2263 Alsacie
1747 2231 1898 2263 continuo
1921 2229 1999 2262 diri-
2017 2236 2043 2256 ³⁵

346 2285 468 2317 gemus,
492 2279 545 2319 qui
568 2290 630 2311 una
655 2281 694 2312 de
719 2286 824 2314 vestro
849 2294 974 2315 necnon
997 2284 1229 2316 advocatorum
1252 2286 1432 2315 nostrorum
1449 2283 1694 2325 provincialium
1717 2281 1849 2314 consilio
1871 2283 1998 2314 mature

346 2329 586 2367 pertractabunt
609 2333 724 2374 onmia,
749 2345 811 2376 que
835 2346 951 2376 pacem
975 2339 1008 2368 et
1030 2335 1236 2368 concordiam
1260 2338 1411 2377 poterunt
1433 2346 1615 2377 procreare.

453 2379 571 2412 Datum
594 2383 625 2413 in
649 2384 848 2427 Nurenberg,
873 2387 950 2418 XII.
967 2387 1106 2419 Kalend.
1130 2387 1244 2429 April.‚
1267 2388 1359 2428 regni
1382 2387 1483 2418 nostri
1506 2397 1590 2419 anno
1614 2397 1708 2419 nono.

544 2478 628 2515 731.
669 2482 880 2519 Mandatum
907 2485 1038 2520 civitati
1071 2484 1305 2521 Tremom'ensi
1333 2485 1511 2520 directum.
1616 2484 1728 2520 Mart.
1748 2485 1809 2519 21.

458 2539 616 2581 Oriyinale
645 2547 716 2586 (or.)
748 2548 783 2579 in
809 2549 968 2582 tabulario
990 2550 1166 2582 Arolsensi.
1211 2549 1332 2582 Pendet
1358 2549 1498 2590 sigillum
1517 2560 1639 2590 parum
1667 2549 1788 2586 laesum
1816 2548 1881 2581 loro'
1904 2558 1999 2580 mem-
2017 2557 2044 2576 ιο

346 2589 510 2646 lii-anaceo.
542 2612 583 2617 —
613 2595 676 2628 Ed.
694 2598 881 2641 Varnhaqen
909 2601 972 2634 loco
998 2613 1098 2642 supra
1121 2602 1165 2634 ad
1185 2612 1236 2634 nr.
1255 2602 1319 2633 583
1346 2602 1443 2634 citato
1467 2612 1504 2642 p.
1527 2602 1588 2633 145
1616 2612 1666 2634 nr.
1687 2603 1730 2633 66
1758 2611 1796 2633 ecc
1825 2611 1871 2633 or.
1916 2599 1999 2632 Edi-

347 2643 461 2673 twnem
483 2646 658 2683 repetimus.

454 2702 599 2744 Bfflzmer,
623 2707 697 2748 Req.
715 2711 825 2743 Ludw.
837 2723 872 2752 p.
889 2715 931 2744 33
953 2724 1003 2745 nr.
1021 2714 1094 2747 553.

452 2788 517 2816 729.
546 2793 568 2824 ²)
588 2795 734 2822 ordinatum
744 2811 777 2815 —-
785 2805 949 2831 procuratum
968 2809 988 2826 c.
1076 2801 1101 2833 b)
1120 2803 1158 2827 IX
1176 2809 1197 2826 c-

452 2846 516 2873 730.
544 2848 567 2879 ει)
587 2867 592 2873 .
609 2867 614 2873 .
633 2848 694 2873 add.
715 2858 751 2874 or.
2017 2855 2043 2875 ⁴⁵
