2190 3172
212 1307 274 1334 Sept.
285 1309 318 1328 29.

329 213 392 244 264
564 210 662 238 ACTA
681 210 794 237 REGNI
812 208 997 236 LUDEWICI
1015 208 1062 235 IV.
1074 207 1127 234 -ΕΤ
1146 205 1332 234 FRIDERICI
1350 205 1400 233 111.
1437 205 1512 232 1315.
1549 204 1598 231 Nr.
1610 203 1670 232 306.
1687 203 1748 231 307.

774 351 859 386 306.
901 347 1073 384 Remissio
1099 350 1290 382 sturarum.
1395 343 1465 380 Iul.
1486 345 1543 379 30.

443 425 604 465 originale
637 425 673 456 in
706 424 866 456 tabulario
897 421 1038 463 generali
1070 421 1159 462 requi
1192 419 1357 452 Bawarici
1390 418 1481 451 KLS
1506 428 1556 450 nr.
1580 418 1630 449 75.
1691 416 1892 450 Contuzimus
1917 427 1985 449 nos.

332 477 478 517 Siyillum
496 487 616 518 parum
639 477 759 507 laesum
782 475 897 515 pendet
926 474 991 514 silis
1017 474 1128 505 sericis
1149 473 1239 505 rubei
1260 472 1399 512 flavique
1421 470 1543 503 coloris.
1580 488 1619 493 —
1654 469 1718 501 Ed.
1737 469 1796 502 Th.
1812 469 1987 509 Herberyer

331 529 468 569 ‘Kayser
490 529 625 568 Ludwiq
648 528 703 559 der
725 527 835 567 Bayer
863 526 933 558 und
958 526 1008 557 die
1031 528 1118 556 treue
1141 524 1235 556 stadt
1256 523 1438 563 Auysbury’
1462 522 1518 563 (z
1543 519 1778 553 Jahresberieht
1800 520 1854 552 des
1875 520 1985 554 histor.

338 580 467 612 Vereins
489 590 548 611 von
570 579 740 612 Schwaben
762 578 830 610 und
851 577 1001 617 Neubury
1025 576 1143 608 XVII.
1167 576 1268 616 1652)
1284 586 1321 615 p.
1339 574 1382 605 53
1404 585 1454 606 nr.
1473 574 1491 605 5
1515 584 1554 605 ex
1576 583 1641 613 cop.

439 640 585 678 Bb'hmer,
610 639 684 679 Rey.
702 638 814 670 Ludw.
835 648 868 678 p.
885 638 926 668 10
948 648 999 669 nr.
1017 639 1089 668 147.

438 734 631 766 Ludowicus
647 733 710 765 Dei
733 733 838 775 gratia
858 732 1077 764 Romanorum
1101 742 1159 763 rex
1182 740 1311 772 semper
1334 733 1490 771 augustus
1571 728 1728 760 universis
1751 728 1833 759 sacri
1849 727 1988 759 Romani

332 787 460 827 imperii
482 785 632 817 fidelibus
654 788 822 826 presentes
845 785 970 816 litteras
992 784 1185 825 inspecturis
1273 782 1412 823 gratiam
1436 791 1526 812 suam
1551 783 1584 812 et
1607 789 1702 811 omne
1727 779 1856 812 bonum.

439 838 534 869 Licet
556 848 598 869 ex
619 838 759 879 inposito
782 837 899 867 nostris
921 835 1064 867 humeris
1086 838 1254 866 teneamur
1277 833 1384 865 officio
1412 833 1579 864 universos
1605 831 1768 863 subiectos
1795 831 1932 873 imperio
1954 832 1988 862 in

332 890 397 920 suis
419 889 541 920 iuribus
564 889 736 920 confovere
766 890 799 919 et
825 897 937 919 eorum
960 888 1126 928 profectus
1160 889 1194 918 et
1221 884 1380 917 conmoda
1413 895 1472 926 pro
1501 883 1623 915 viribus
1651 883 1823 925 ampliare,
1859 882 1988 914 illorum

332 944 440 972 tamen
465 941 674 980 emunitates,
704 939 774 971 iura
797 949 835 970 ac
857 939 1030 977 utilitates,
1061 948 1141 979 quos
1165 937 1309 979 pluribus
1331 936 1502 968 affectibus
1525 939 1558 968 et
1581 935 1751 967 effectibus
1773 934 1815 966 ad
1840 944 1895 976 ea,
1924 944 1988 976 que

332 995 458 1024 nostros
480 995 554 1023 sunt
577 994 610 1023 et
632 992 759 1033 imperii
782 990 984 1032 procuranda
1006 989 1199 1031 profectus⁸,
1229 988 1382 1020 abiliores
1414 991 1447 1019 et
1473 987 1619 1019 utiliores
1646 987 1763 1018 ceteris
1792 986 1988 1028 experimur,

332 1044 480 1085 largioris
503 1043 622 1074 favoris
645 1043 869 1074 benivolencia
891 1052 955 1073 non
978 1042 1082 1073 solum
1099 1051 1301 1081 conservare,
1325 1040 1383 1072 sed
1400 1050 1520 1082 augere
1538 1039 1760 1071 favorabiliter
1777 1038 1987 1071 delectamur.

333 1096 422 1127 Tunc
447 1096 565 1127 etenim
590 1095 688 1126 decus
710 1094 837 1135 imperii
869 1097 901 1125 et
924 1094 1079 1125 honorem
1102 1103 1344 1135 promovemus,
1380 1102 1452 1123 cum
1488 1092 1557 1123 eius
1592 1091 1707 1123 fideles
1733 1090 1776 1122 ad
1803 1090 1989 1122 devocionis

332 1147 493 1178 fervorem
517 1146 666 1188 gratiosis
698 1148 731 1176 et
758 1145 915 1177 allectivis
945 1145 1131 1176 muneribus
1160 1145 1348 1176 excitamus.
1397 1143 1603 1185 Quapropter
1629 1153 1724 1174 nosse
1747 1142 1896 1173 volumus
1917 1142 1988 1174 uni-

331 1209 442 1230 versos
458 1201 524 1229 tam
540 1201 687 1239 posteros
703 1207 799 1238 quam
816 1199 995 1238 presentes,
1016 1196 1103 1238 quod
1118 1206 1177 1228 nos
1193 1196 1329 1227 dilectos
1345 1194 1459 1227 fideles
1475 1198 1601 1226 nostros
1618 1218 1625 1225 .
1640 1218 1646 1225 .
1663 1194 1750 1226 cives
1765 1194 1989 1235 Augustenses

333 1250 374 1281 ob
401 1252 494 1291 grata
527 1252 559 1280 et
585 1249 764 1286 fructuosa,
800 1258 863 1289 que
897 1247 991 1278 nobis
1026 1251 1059 1278 et
1092 1248 1228 1289 imperio
1255 1246 1484 1288 impenderunt
1514 1245 1671 1287 obsequia
1702 1247 1736 1276 et
1764 1254 1827 1286 que
1859 1245 1990 1277 inantea

333 1300 521 1342 impendere
538 1303 690 1342 poterunt
705 1300 857 1341 gratiora,
882 1299 998 1330 abhinc
1021 1309 1124 1340 usque
1147 1298 1190 1330 ad
1207 1298 1326 1330 festum
1341 1297 1432 1329 beati
1447 1296 1638 1328 Michahelis
1651 1297 1800 1338 proxime
1815 1295 1990 1328 affuturum

334 1355 366 1383 et
389 1351 507 1383 abinde
531 1361 590 1392 per
613 1352 798 1382 continuum
814 1351 1014 1392 subsequens
1030 1350 1299 1392 quadrigennium
1322 1348 1364 1380 ab
1389 1348 1477 1380 omni
1492 1351 1601 1380 steura
1624 1358 1683 1379 seu
1699 1348 1875 1379 exaccione
1897 1347 1990 1379 nobis

332 1403 459 1444 imperii
482 1403 610 1434 nomine
635 1402 746 1434 debita
769 1406 802 1434 et
825 1405 979 1434 consueta
1002 1402 1191 1433 libertamus
1214 1411 1252 1432 ac
1269 1410 1395 1432 exnunc
1411 1399 1531 1431 liberos
1548 1410 1619 1431 esse
1636 1399 1771 1431 dicimus
1794 1402 1828 1431 et
1842 1399 1990 1431 volumus

333 1455 506 1486 absolutos.
555 1454 692 1495 Insuper
725 1454 800 1485 huic
833 1454 937 1496 gratie
972 1454 1110 1494 gratiam
1142 1453 1356 1495 adiungentes
1390 1451 1521 1493 publice
1556 1451 1761 1493 profitemur,
1795 1450 1883 1493 quod
1917 1454 1992 1493 post

333 1507 457 1548 lapsum
483 1506 652 1547 prescripti
676 1505 900 1547 quadrigennii
924 1505 1010 1536 dicte
1035 1505 1218 1536 exaccionis
1252 1506 1308 1535 aut
1337 1507 1447 1535 steure
1476 1503 1605 1535 nomine
1635 1513 1700 1535 non
1726 1502 1865 1545 amplius
1893 1513 1991 1544 quam

334 1558 586 1599 quadringentas
609 1557 707 1588 libras
731 1557 936 1589 denariorum
960 1556 1242 1598 Augusten(sium)
1272 1555 1314 1587 ab
1339 1556 1386 1587 eis
1410 1555 1518 1597 quoad
1539 1555 1716 1586 vixerimus
1739 1555 1874 1597 exigere
1897 1557 1990 1586 tene-

334 1610 440 1641 bimur
462 1610 552 1641 annis
575 1609 708 1650 singulis
731 1612 788 1640 aut
810 1610 974 1650 requirere
1002 1619 1132 1650 quoquo
1160 1607 1267 1639 modo.
1314 1607 1402 1639 Nulli
1434 1617 1512 1649 ergo
1543 1607 1672 1638 omnino
1699 1606 1866 1638 hominum
1893 1606 1992 1638 liceat

334 1660 415 1692 hanc
443 1664 550 1692 nostre
579 1661 728 1702 specialis
755 1660 974 1692 benivolentie
1002 1660 1139 1701 gratiam
1167 1659 1343 1701 infringere
1376 1661 1432 1690 aut
1464 1659 1494 1691 ei
1525 1658 1711 1700 aliqualiter
1739 1658 1910 1690 contraire.
1956 1656 1990 1689 Si

335 1713 406 1753 quis
435 1716 544 1744 autem
577 1712 638 1744 hoc
665 1715 860 1753 attemptare
890 1712 1137 1753 presumpserit,
1171 1722 1207 1743 se
1240 1711 1367 1742 noverit
1402 1710 1663 1751 indignacionem
1694 1710 1819 1751 regiam
1848 1710 1991 1751 graviter

334 1764 543 1795 incursurum.
643 1764 681 1795 In
715 1765 805 1795 cuius
838 1764 886 1795 rei
919 1764 1139 1795 testimonium
1174 1763 1232 1794 has
1267 1762 1425 1794 conscribi
1460 1765 1494 1793 et
1528 1764 1634 1793 nostre
1669 1762 1849 1793 maiestatis
1883 1761 1990 1804 sigillo

334 1826 484 1846 lussimus
507 1826 693 1847 conmumn.

442 1871 516 1903 Dat.
534 1873 693 1914 Auguste,
718 1872 817 1904 tercio
842 1871 958 1903 Kalen.
975 1872 1126 1913 Augusti,
1150 1881 1233 1902 anno
1257 1870 1389 1902 Domini
1414 1869 1587 1901 millesimo
1611 1869 1839 1901 trecentesimo
1863 1869 1991 1910 quinto-

335 1923 472 1964 decimo,
496 1925 587 1965 regni
611 1934 688 1955 vero
711 1925 811 1955 nostri
834 1934 918 1955 anno
941 1923 1056 1965 primo.

387 2166 487 2210 307.
516 2165 615 2210 308.
658 2165 842 2210 PRIVI
851 2163 1057 2209 LEGIA
1085 2163 1430 2210 FRIDERICI
1462 2163 1593 2210 PRO
1620 2163 1940 2210 CIVITATE

931 2226 1395 2274 ESSLINGENSI.

1028 2309 1137 2346 1315.
1180 2309 1247 2346 Iul.
1273 2310 1304 2345 1.

807 2426 892 2461 307.
933 2426 1159 2470 Privileqium
1180 2426 1294 2470 prius.
1400 2424 1471 2460 luz.
1489 2427 1523 2459 1.

449 2499 608 2540 Oriyinale
631 2500 706 2542 (or.)
734 2500 770 2531 in
798 2499 957 2531 tabulario
980 2499 1238 2539 Stuttqardiensi.
1298 2498 1416 2531 Pendet
1439 2498 1589 2539 siqillum.
1617 2519 1659 2523 —
1689 2499 1750 2531 Ed.
1775 2498 1889 2541 Pfaff-
1898 2498 1995 2531 Diehz

337 2551 605 2584 ‘Urkundenbuch
628 2552 683 2583 der
705 2551 798 2583 Stadt
820 2550 1002 2591 Esslinqen’
1026 2551 1053 2589 I,
1075 2552 1141 2583 205
1162 2561 1211 2582 nr.
1228 2551 1292 2581 446
1314 2561 1354 2582 ex
1377 2560 1421 2582 or.
1468 2551 1649 2582 Editionem
1671 2551 1850 2592 repetimus.

445 2611 592 2649 Belzmer,
616 2612 691 2652 Rey.
708 2611 820 2643 Ludw.
839 2622 874 2651 p.
893 2612 957 2642 167
978 2611 1106 2642 Friedr.
1129 2621 1180 2644 nr.
1196 2612 1248 2642 47.

450 2671 497 2710 Cf.
516 2671 718 2711 privileyium
738 2671 880 2712 yenerale
903 2671 978 2711 Rey.
995 2671 1165 2702 Friedrich
1187 2682 1238 2704 nr.
1252 2673 1305 2703 46.

442 2781 508 2808 306.
537 2782 559 2814 ¹²)
578 2783 614 2808 sic
632 2792 669 2808 or.
675 2792 683 2813 ;
707 2785 740 2816 cf.
760 2784 849 2809 eadem
866 2783 944 2808 verba
964 2783 992 2808 in
1010 2791 1109 2816 arenga
1122 2783 1253 2815 privilegii
1271 2791 1294 2808 a.
1309 2785 1377 2809 1316.
1397 2783 1461 2808 Mai.
1478 2786 1507 2809 17
1524 2784 1579 2809 dati
1597 2783 1819 2810 ‘Urkandenbuch
1837 2764 1884 2809 der
1908 2784 1992 2817 Vb‘qte

337 2835 386 2851 von
406 2826 493 2851 Weida
511 2826 565 2851 etc.y
583 2826 607 2857 I,
624 2828 670 2851 221
688 2835 729 2851 nr.
744 2829 794 2852 469
812 2835 843 2851 ex
862 2835 914 2857 or.,·
936 2827 1097 2859 procuranda
1110 2835 1162 2859 pro
1181 2830 1361 2859 procuratum.

2017 589 2029 608 b

2006 895 2032 916 10

2007 1668 2034 1688 n

2011 2512 2037 2532 ³5

2011 2833 2039 2853 40
