2190 3172
486 197 584 226 ACTA
602 195 720 225 auem
738 194 923 224 LUDEwlcl
943 193 990 222 lv.
1008 193 1055 222 ΕΤ
1075 193 1261 223 mmmmm
1281 195 1328 222 111.
1367 195 1441 223 1315.
1478 195 1527 223 Nr.
1539 196 1599 223 272.

213 284 298 317 ricus
325 283 366 317 de
390 283 581 316 Ysenburch
610 283 758 316 dominus
780 282 821 315 de
844 281 1014 322 Awelsch,

213 335 348 378 Egidius
371 335 520 368 dominus
536 334 577 368 de
592 334 830 376 Rodemachra‚
853 334 1015 366 Iohannes

214 386 255 419 de
279 386 482 419 Brunshorn·
505 389 539 419 et
560 385 649 428 Gyso
675 386 823 418 dominus
850 385 892 418 de
914 385 1014 418 Mols-

212 438 312 480 perch
328 438 447 470 milites
462 437 666 480 presentibus
682 437 870 480 profitemur
885 440 919 469 et
938 447 1014 469 con-

180 500 194 520 s
213 492 300 522 stare
322 489 470 522 volumus
491 490 662 530 universis,
686 488 773 531 quod
795 499 899 531 nuper
922 489 1014 521 inmi-

213 540 379 573 nentibus‘
415 541 622 573 coronatione
666 544 700 573 et
743 541 927 573 inunctione
973 540 1014 572 de

213 592 419 624 serenissimo
441 593 586 634 principe
610 591 740 624 domino
758 591 936 624 Ludowico
952 591 1015 624 Dei

213 644 318 686 gratia
332 644 365 675 in
381 653 493 686 regem
506 643 728 676 Romanorum
744 643 848 676 electo
865 645 896 675 in
913 643 1014 686 regali

213 694 344 727 civitate
355 695 512 738 Aquensi,
528 694 663 727 absente
679 698 754 727 tunc
770 695 1014 738 archiepiscopo

169 755 196 776 ω
213 745 412 791 Coloniensi,
441 746 598 779 faciendis
621 746 948 789 convenientibusque
971 747 1013 778 si-

209 797 278 830 mul
289 796 435 840 predicto
449 798 593 840 principe
609 808 647 830 ac
660 797 900 830 venerabilibus
911 798 1013 840 patri·

211 848 272 881 bus
297 848 453 881 dominis'²
476 849 646 891 Balduyno
669 852 779 882 sancte
803 849 1014 882 Treverensis

211 900 348 933 ecclesie
377 911 416 932 ac
439 900 540 933 Petro
570 900 658 933 sedis
685 900 876 944 Moguntine
906 901 1011 933 archi-

213 952 373 994 episcopis
400 962 440 984 ac
467 951 591 984 eisdem
616 976 622 984 .
645 977 652 984 .
676 952 928 995 archiepiscopis
955 963 1014 995 pro

169 1013 194 1033 u
211 1003 282 1036 iure
319 1003 534 1036 coronationis
553 1039 555 1041 ,
571 1007 606 1036 et
646 1004 838 1036 inunctionis
877 1004 1014 1036 invicem

212 1054 453 1096 altercantibus,
469 1054 599 1088 domino
614 1055 804 1097 Moguntino
826 1056 1016 1098 simpliciter

212 1110 377 1140 asserente
400 1107 449 1138 ius
473 1106 659 1148 coronandi,
681 1107 858 1149 inungendi
881 1117 919 1139 ac
943 1108 1015 1139 offi-

212 1158 298 1191 cium
321 1161 354 1191 et
377 1168 416 1190 ea
432 1168 494 1200 que
511 1159 596 1191 circa
611 1158 673 1191 hoc
693 1158 842 1191 exhiberi
860 1163 1016 1191 consueta

213 1213 287 1242 sunt
315 1209 488 1242 exercendi
518 1209 579 1241 sibi
611 1213 645 1242 et
678 1210 815 1243 ecclesie
845 1220 902 1242 sue
938 1221 1014 1243 con-

168 1270 196 1291 ιο
213 1261 338 1304 petere*
358 1271 398 1294 ac
413 1261 571 1294 offerente
594 1272 629 1294 se
649 1263 807 1304 premissa
826 1262 923 1304 plene
939 1273 1014 1304 pro·

213 1312 380 1354 bat-urum,
409 1313 538 1345 domino
569 1316 680 1346 autem
703 1313 895 1346 Treverensi
925 1323 1014 1346 asse·

213 1367 304 1397 rente
320 1364 381 1396 sibi
396 1367 430 1397 et
445 1364 581 1397 ecclesie
597 1375 655 1397 sue
667 1365 814 1407 predicta
826 1366 871 1397 ita
884 1364 1014 1397 demum

213 1418 410 1458 competere,
422 1416 680 1449 siOoloniensem
693 1441 701 1448 .
715 1441 722 1448 .
735 1416 1013 1459 archiepiscopum

213 1467 328 1500 abesse
351 1468 530 1510 contingat,
553 1469 609 1510 qui
631 1471 707 1500 tunc
729 1468 853 1509 aberat,
931 1471 1014 1500 tam-

170 1527 196 1548 n
214 1518 289 1551 dem
305 1518 417 1551 habita
433 1519 668 1552 deliberatione
685 1519 832 1562 diligenti
852 1519 950 1551 iidem
969 1544 975 1551 .
990 1519 1015 1551 .¹‘

214 1570 448 1613 archiepiscopi
475 1581 573 1614 super
594 1571 779 1604 huiusmodi
801 1571 1016 1603 dissensione¹

213 1622 247 1654 in
274 1621 456 1664 predictum
486 1623 724 1655 serenissimum
755 1622 894 1655 electum
927 1633 1014 1654 com-

214 1674 440 1716 promiserunt,
462 1675 688 1716 promittentes
704 1675 773 1706 eius
792 1673 958 1706 arbitrium
980 1684 1014 1706 se

214 1735 312 1767 super
333 1725 395 1758 hoc
417 1725 646 1758 inviolabiliter
668 1729 860 1757 servaturos.

171 1785 198 1805 80

279 1983 309 2014 2.
341 1981 511 2014 Predictus
534 1985 643 2015 autem
667 1981 790 2014 electus
805 1982 916 2014 habito
937 1993 1012 2014 con-

170 2040 196 2062 a
214 2033 285 2065 silio
313 2032 461 2076 diligenti
490 2044 587 2076 super
614 2033 826 2066 dissensione¹
849 2034 1014 2066 antedicta

213 2085 385 2117 arbitratus
414 2085 474 2117 fuit
507 2085 539 2117 in
568 2085 652 2117 hunc
681 2085 825 2118 modum:
861 2085 1014 2118 videlicet

212 2135 299 2179 quod
314 2136 521 2179 Moguntinus
536 2160 544 2168 .
563 2135 587 2168 .¹‘
603 2136 863 2179 archiepiscopus
883 2147 923 2169 ea
945 2138 1013 2170 vice

211 2188 341 2220 instanti
369 2189 474 2230 ipsum
498 2188 637 2220 electum
661 2191 832 2220 coronaret
860 2192 893 2220 et
921 2189 1012 2220 inun-

211 2242 306 2282 geret
327 2250 365 2272 ac
388 2239 529 2272 officium
552 2242 586 2271 et
608 2249 648 2272 ea
664 2249 726 2281 que
750 2240 836 2271 circa
851 2239 912 2272 hoc
936 2250 1012 2272 oon—

168 2300 196 2320 «ο
212 2293 305 2324 sueta
326 2294 401 2323 sunt
422 2290 571 2323 adhiberi
595 2294 779 2332 exerceret,
811 2291 871 2323 hiis
899 2292 1012 2334 pactis,

212 2341 317 2374 modis
340 2345 373 2375 et
396 2342 641 2384 conditionibus,
665 2342 752 2385 quod
772 2342 858 2375 idem
874 2342 1012 2385 Mogun-

212 2394 297 2426 tinus
311 2393 394 2426 infra
405 2404 550 2427 mensem
565 2393 683 2426 festum
695 2394 871 2427 nativitatis
881 2394 1012 2426 Domini

213 2448 288 2478 tuno
303 2445 451 2488 proximo
466 2449 646 2487 venturum,
670 2456 754 2478 nunc
769 2456 846 2478 vero
865 2447 1012 2488 proximo

212 2497 402 2540 preteritum
413 2498 563 2530 continuo
575 2500 766 2540 sequentem
778 2497 1013 2530 interBacche·

169 2557 195 2577 ⁴⁶
214 2558 323 2581 racum
353 2552 386 2582 et
407 2549 615 2582 Wesaliam¹¹²
637 2548 700 2581 sibi
729 2552 762 2581 et
789 2549 927 2582 ecclesie
956 2559 1013 2581 sue

212 2599 358 2642 predicta
374 2603 560 2643 competere
576 2599 673 2643 plene
689 2600 849 2643 probaren
867 2600 1011 2633 deberet.

211 2650 306 2689 Quod
327 2652 355 2692 si
377 2652 410 2684 in
431 2651 622 2694 probatione
645 2652 874 2694 premissorum
890 2651 1009 2684 defice-

312 2761 378 2790 2⁷2.
406 2763 429 2796 ⁸)
447 2763 594 2789 Brunshoiu
605 2762 630 2789 9.

212 2803 239 2838 ¹¹)
257 2824 264 2834 .
277 2824 284 2832 .
303 2805 370 2832 &aar
381 2805 407 2832 2.

712 2761 732 2796 s)
751 2763 918 2789 iminentibus
934 2763 960 2790 2.

493 2804 512 2838 ¹)
531 2806 686 2832 dissentione
703 2804 730 2832 2.

817 2806 850 2838 ΙΙΙ)
869 2807 1019 2833 Weiaaliam
1037 2806 1062 2832 2.

1807 200 1869 230 235

1068 282 1172 314 minus
1204 282 1245 315 de
1275 281 1447 323 Arvelsch,
1483 282 1618 325 Egidius
1649 282 1797 315 dominus
1827 283 1869 316 de

1068 332 1311 375 Rodemachra,
1344 334 1507 366 Iohannes
1541 334 1582 366 de
1617 334 1801 366 Brunshorn
1836 340 1870 366 et

1068 383 1168 416 Giuso
1192 384 1341 417 dominus
1368 385 1409 417 de
1432 385 1616 428 Molsperch
1647 386 1767 418 milites
1794 396 1869 428 pre-

1067 436 1212 468 sentibus
1246 437 1435 479 profitemur
1468 441 1503 469 et
1540 440 1688 469 constare
1722 437 1869 469 volumus

1067 489 1238 528 universis,
1267 488 1354 531 quod
1384 499 1487 531 nuper
1509 489 1750 521 imminentibus
1777 499 1869 521 coro-

1067 541 1198 572 natione
1223 544 1256 572 et
1282 541 1465 572 inunctione
1489 540 1531 572 de
1554 541 1758 572 serenissimo
1782 542 1869 583 prin-

1067 593 1138 634 cipe
1155 591 1286 624 domino
1302 591 1477 624 Ludowico
1493 592 1556 624 Dei
1576 593 1681 635 gratia
1703 594 1734 624 in
1758 602 1869 634 regem

1067 643 1286 676 Romanorum
1299 643 1404 676 electo
1417 645 1448 676 in
1461 644 1563 686 regali
1575 645 1705 676 civitate
1717 645 1870 686 Aquensi,

1067 695 1201 727 absente
1217 698 1292 727 tuuc
1309 695 1553 738 archiepiscopo
1570 696 1765 735 Coloniensi,
1789 695 1870 727 faci-

1068 746 1159 779 endis
1175 746 1502 789 convenientibusque
1516 747 1611 779 simul
1623 747 1768 790 predicto
1782 749 1870 788 prin·

1067 798 1139 840 cipe
1177 808 1215 830 ac
1251 798 1491 830 venerabilibus
1529 799 1674 841 patribus
1712 798 1871 830 dominisss

1067 849 1237 891 Balduyno
1267 853 1376 881 sancte
1406 850 1614 882 Treverensis
1644 850 1781 882 ecclesie
1811 855 1870 882 ac‘

1067 900 1166 933 Petro
1201 901 1287 933 sedis
1322 901 1510 943 Moguntine
1544 901 1795 944 archiepiscopis
1832 913 1870 934 ac

1068 952 1190 985 eisdem
1215 977 1222 984 .
1244 977 1251 984 .
1275 953 1526 995 archiepiscopis
1555 964 1614 995 pro
1638 954 1707 985 iure
1735 964 1869 985 corona-

1067 1005 1163 1037 tionis
1186 1008 1220 1036 et
1240 1005 1434 1036 inunctionis
1450 1003 1505 1048 [et]
1521 1004 1604 1045 aliis,
1629 1015 1691 1047 que
1708 1005 1793 1037 circa
1809 1006 1870 1037 hec

1067 1060 1142 1089 tunc
1176 1057 1386 1089 imminebant
1415 1057 1579 1098 facienda,
1613 1058 1749 1089 invicem
1779 1057 1870 1089 altri-

1067 1108 1229 1149 cantibus,
1276 1107 1406 1140 domino
1447 1107 1637 1150 Moguntino
1682 1108 1871 1150 simpliciter

1067 1163 1232 1192 asserente
1255 1159 1304 1190 ius
1327 1159 1513 1199 coronandi,
1537 1159 1713 1201 inungendi
1736 1170 1774 1191 ac
1798 1160 1870 1191 offi-

1067 1211 1150 1243 cium
1175 1214 1208 1242 et
1231 1220 1270 1242 ea
1286 1221 1349 1252 que
1372 1211 1458 1243 circa
1474 1211 1535 1243 hec
1551 1211 1699 1243 exhiberi
1715 1216 1870 1243 consucta

1067 1266 1140 1294 sunt
1167 1262 1341 1294 exercendi
1371 1262 1431 1294 sibi
1461 1266 1494 1294 et
1524 1263 1661 1294 ecclesie
1694 1273 1750 1294 sue
1780 1273 1867 1294 com-

1067 1317 1180 1356 petere
1204 1324 1242 1345 ac
1265 1314 1421 1346 offerente
1445 1324 1479 1346 se
1502 1315 1660 1356 premissa
1680 1315 1776 1356 plene
1794 1325 1867 1356 pro-

1067 1366 1231 1406 baturum,
1261 1364 1391 1396 domino
1421 1368 1531 1397 autem
1559 1365 1749 1397 Treverensi
1779 1376 1867 1397 asse-

1066 1421 1158 1450 rente
1195 1417 1257 1449 sibi
1299 1420 1333 1449 et
1371 1428 1428 1450 sue
1466 1417 1602 1449 ecclesie
1640 1417 1786 1459 predicta
1824 1418 1869 1449 ita

1068 1468 1198 1501 demum
1214 1472 1410 1510 competere,
1426 1469 1454 1500 si
1469 1468 1696 1501 Coloniensem
1713 1492 1720 1500 .
1739 1493 1745 1500 .
1762 1468 1868 1500 archi·

1068 1521 1256 1562 episcopum
1279 1519 1396 1552 abesse
1419 1521 1599 1562 contingat,
1629 1521 1684 1562 qui
1712 1524 1786 1551 tunc
1810 1520 1868 1551 ab·

1069 1575 1148 1612 erat,
1228 1571 1360 1603 tandem
1382 1572 1467 1603 inter
1489 1582 1546 1604 eos
1568 1571 1682 1602 habita
1705 1571 1868 1604 delibera-

1067 1623 1155 1654 tione
1171 1622 1328 1664 diligenti,
1351 1622 1444 1654 nobis
1462 1622 1582 1655 ibidem
1600 1622 1803 1664 presentibus
1826 1622 1868 1654 ad

1067 1673 1129 1706 hoc
1162 1673 1347 1716 specialiter
1375 1674 1498 1706 vocatis
1531 1678 1565 1706 et
1598 1674 1735 1716 rogatis,
1769 1674 1867 1707 iidem

1067 1725 1301 1767 archiepiscopi
1332 1736 1430 1767 super
1459 1725 1641 1757 huiusmodi
1670 1725 1867 1758 dissensione

1067 1778 1098 1809 in
1122 1776 1301 1819 predictum
1325 1777 1564 1809 serenissimum
1588 1777 1725 1809 electum
1750 1788 1807 1809 suo
1835 1781 1868 1809 et

1068 1828 1274 1860 ecclesiarum
1311 1838 1440 1860 suarum
1477 1829 1604 1860 nomine
1639 1829 1866 1871 compromise-

1067 1884 1153 1919 runt,
1180 1879 1405 1921 promittentes
1428 1880 1498 1911 eius
1521 1879 1688 1912 arbitrium
1712 1890 1746 1911 se
1770 1890 1868 1922 super

1066 1931 1128 1963 hoc
1151 1930 1381 1963 inviolabiliter
1403 1935 1595 1963 servaturos.

1132 1985 1161 2014 2.
1193 1981 1364 2014 Predictus
1386 1986 1496 2014 autem
1521 1983 1643 2014 electus
1659 1982 1770 2014 habito
1792 1992 1866 2014 con-

1066 2033 1138 2066 silio
1169 2033 1315 2076 diligenti
1347 2044 1444 2076 super
1474 2033 1672 2066 dissensione
1705 2033 1868 2066 antedicta

1066 2085 1239 2118 arbitratus
1269 2085 1330 2117 fuit
1361 2086 1393 2117 in
1420 2085 1504 2117 hunc
1532 2085 1680 2117 modum:
1716 2084 1869 2116 videlicet

1066 2133 1153 2179 quod
1176 2136 1383 2178 Moguntinus
1400 2160 1408 2168 .
1425 2164 1433 2171 .
1450 2137 1711 2179 archiepiscopus
1735 2147 1774 2168 ea
1796 2137 1867 2167 vice

1065 2189 1196 2220 instanti
1219 2189 1324 2230 ipsum
1348 2188 1488 2220 electum
1512 2193 1682 2220 coronaret
1713 2192 1747 2219 et
1776 2188 1867 2219 inun-

1065 2243 1158 2281 geret
1181 2249 1219 2271 ac
1242 2239 1383 2271 officium
1407 2242 1441 2271 et
1463 2250 1504 2271 ea
1519 2249 1582 2282 que
1606 2240 1690 2271 circa
1706 2239 1768 2271 hoc
1791 2249 1866 2270 con-

1065 2294 1157 2323 sueta
1180 2294 1254 2322 sunt
1281 2290 1430 2322 adhiberi
1453 2295 1637 2331 exerceret,
1667 2291 1728 2322 hiis
1757 2291 1868 2332 pactis,

1064 2342 1170 2374 modis
1194 2345 1227 2374 et
1246 2341 1494 2382 conditionibus,
1518 2342 1605 2384 quod
1628 2341 1715 2374 idem
1731 2341 1868 2383 Mogon-

1064 2394 1149 2425 tinus
1164 2393 1247 2425 infra
1259 2404 1403 2426 mensem
1417 2393 1534 2426 festum
1550 2394 1726 2425 nativitatis
1737 2392 1867 2425 Domini
1882 2394 1979 2438 „2223

1065 2448 1140 2477 tunc
1156 2445 1304 2487 proximo
1321 2449 1500 2486 venturum,
1523 2455 1606 2477 nunc
1623 2455 1699 2477 vero
1721 2446 1868 2487 proximo

1066 2498 1256 2538 preteritum
1281 2497 1431 2528 continuo
1455 2500 1660 2538 sequentem,
1684 2500 1799 2527 vocato
1826 2495 1867 2527 ad

1066 2548 1128 2580 hoc
1151 2548 1337 2590 specialiter
1352 2547 1482 2580 domino
1499 2547 1691 2579 Treverensi
1714 2558 1773 2589 per
1789 2558 1867 2579 euu-

1067 2599 1142 2632 dem
1165 2599 1329 2631 dominum
1346 2598 1581 2641 Moguntinum.
1605 2599 1688 2630 inter
1703 2597 1866 2630 Bachcra-

1067 2661 1138 2684 cum
1162 2655 1195 2683 et
1210 2650 1390 2682 Wesaliam
1414 2650 1475 2682 sibi
1498 2653 1532 2682 et
1554 2650 1693 2682 ecclesie
1717 2660 1773 2681 suc
1793 2659 1867 2691 pre—

1134 2762 1196 2788 add.
1215 2761 1240 2788 3.
1322 2761 1348 2794 ¹¹)
1368 2782 1374 2788 .
1387 2783 1392 2788 .
1411 2763 1473 2788 add.
1490 2762 1563 2788 1-2.

1150 2807 1175 2837 ¹²)
1194 2814 1259 2831 corr.
1279 2814 1310 2831 ex
1328 2806 1447 2838 probaret
1468 2805 1488 2830 1.

1043 2763 1069 2795 Ι)
1088 2783 1094 2790 ,
1109 2783 1114 2789 .
1646 2762 1663 2786 ¹)
1682 2766 1829 2795 competere
1842 2760 1867 2786 9..

1610 2863 1659 2889 30⁸
